2609 4817
171 285 361 383 'LEGIS
399 251 839 390 A'LL'EGORIARVM.
889 393 892 399 ,
967 300 1035 410 i95

33 473 97 553 ldeo
110 464 223 574 inquit:
258 482 350 547 etiam
361 466 543 574 satiauit:
575 474 676 579 Qod
697 506 775 551 vero
798 486 865 551 iam
885 478 967 551 olim
991 465 1039 563 la,-
1067 562 1070 571 ,
1105 563 1110 571 1

33 584 251 674 bflfflfflgessffl
261 597 364 661 emm,
382 571 601 661 manifestum,
628 602 669 649 ex
683 584 721 649 iis
736 606 819 677 quae
832 577 929 650 dicit:
952 582 1048 651 Pro·

33 684 208 756 decurtare
227 682 364 747 animam
386 683 558 761 uiuentem,
598 701 668 749 non
686 674 865 769 secundum
886 675 1039 777 speeiem,
1097 714 1100 718 ·
1166 681 1169 686 ’
1216 686 1220 703 ’

33 776 77 850 sed
86 778 247 871 seruum
260 801 375 874 genos.
424 782 468 849 Et
487 775 626 848 eandem
651 784 867 849 rationem‘in
887 781 1040 852 omnibus

33 874 123 950 seruat·
176 881 264 948 Ante
289 873 411 975 species
426 882 532 947 'enim
552 877 680 974 perficit
709 902 847 977 genera:
888 877 1043 977 quemad·

33 974 149 1047 modum
163 982 248 1047 etin
262 980 401 1048 homine
415 1030 438 1060 ‚r
451 983 539 1073 prius
552 981 650 1065 ¹‘enim
674 976 769 1076 fingit
789 984 824 1047 in
846 1002 966 1076 genere
982 983 1042 1075 ho-

33 1082 155 1159 minem,
185 1081 221 1145 in
246 1102 314 1173 quo
341 1074 524 1148 masculum
550 1095 582 1147 et
604 1072 812 1149 foemineum
828 1102 931 1175 genus
953 1085 1044 1175 aiunt

33 1173 90 1258 elle,
110 1171 288 1247 secundum
301 1202 382 1247 vero
399 1173 562 1273 speciem,
586 1201 710 1273 nempe
722 1175 908 1262 Adimam,
934 1176 1068 1271 efficit(

32 1281 109 1347 Hanc
133 1281 233 1372 igitur
253 1272 397 1372 speciem
425 1277 630 1349 auxiliarium
658 1274 746 1347 dixit.
821 1276 931 1349 Altera
962 1304 1042 1351 vero
1147 1330 1151 1338 -

32 1372 135 1456 sudor,
165 1370 318 1447 differtur
341 1382 377 1446 in
408 1402 486 1447 enm
512 1375 644 1460 locum,
678 1377 731 1447 vbi
757 1375 943 1475 aggreditur
970 1402 1042 1451 mu·

32 1474 126 1546 lierem
138 1469 293 1545 formare.
343 1474 429 1547 Illud
448 1502 526 1547 vero
544 1470 697 1547 differens
724 1474 765 1546 de
784 1482 961 1549 nominum
980 1484 1046 1549 im·

31 1570 167 1673 positione
183 1569 316 1666 differit.
364 1576 421 1645 Est
436 1595 546 1647 autern
569 1594 641 1646 tum
663 1576 797 1674 figurata
812 1595 885 1649 tum
898 1576 1041 1649 litteralis

32 1673 181 1771 explicatio
195 1672 414 1746 admiratione
421 1673 521 1772 digua
528 1704 543 1750 ε,
552 1674 709 1759 litteralis,
725 1681 759 1745 in
768 1696 926 1774 quantum
934 1682 1046 1775 impo-

30 1773 160 1867 sirionem
189 1779 372 1845 nominum
401 1777 542 1846 attribuit
568 1780 679 1872 primo
706 1778 836 1846 homini
866 1774 1044 1874 legislator.

31 1878 126 1945 Graeci
148 1880 241 1944 enim
261 1870 449 1971 philosophi
471 1856 624 1946 dixerunt
642 1871 824 1973 sapientum
869 1882 970 1947 rimos
993 1902 1043 1949 re·

30 1975 76 2043 bus
93 1980 229 2043 nomina
250 1969 446 2070 imposuiffe.
512 1969 626 2047 Moses
649 1993 760 2045 autern
784 1902 920 2049 melius:
952 1971 1044 2072 quod

48 2079 154 2143 timum
185 2070 323 2169 quidem
348 2097 417 2143 non
438 2071 623 2170 vulgaribus
648 2072 843 2171 quibusdam
867 2075 906 2145 ab
928 2080 1041 2159 initio,
1151 2132 1157 2153 t

29 2100 71 2242 led
83 2178 185 2269 primo
202 2172 335 2267 homini
351 2175 406 2244 hoc
421 2176 572 2261 attribuit
580 2198 599 2259 ,ἡ
619 2192 653 2244 vt
670 2170 962 2273 quemadmodum¹
975 2170 1043 2271 ipse

29 2263 159 2369 princeps
175 2262 329 2369 ⁴reliquae
340 2262 517 2343 'creationis
531 2267 690 2345 formatus
709 2272 755 2346 est
774 2279 817 2345 ita
839 2280 938 2345 etiam
955 2280 1044 2371 prin·

29 2397 89 2467 ceps
102 2391 131 2441 et
144 2370 257 2442 mittor
275 2367 447 2443 differendi
461 2371 656 2461 haberetur3
681 2399 750 2445 non
770 2377 861 2444 enirn
883 2371 1044 2445 existenti·

30 2472 285 2553 brrsnominibus³
310 2496 418 2569 neque
443 2470 537 2568 loqui
556 2478 729 2571 quisquam
751 2468 876 2571 pollet:
912 2470 1043 2559 deinde,

30 2568 103 2667 quod
120 2569 385 2644 multisnomina
404 2572 649 2668 imponentibus
674 2569 865 2645 dillonantia
888 2570 989 2645 ellent
1011 2592 1045 2645 et

28 2677 197 2768 incongma.
222 2668 393 2768 Impositio
407 2690 517 2741 autem
524 2677 703 2754 nominum
713 2673 753 2743 ab
763 2698 829 2768 vno
838 2669 923 2745 farta
932 2670 1045 2747 debuit

30 2796 190 2867 congruere
205 2777 265 2856 rei,
290 2790 387 2867 atque
400 2774 466 2842 hoc
491 2767 553 2843 elle
566 2768 757 2863 symbolum
771 2769 923 2843 omnibus
941 2770 1042 2858 idem,

28 2876 64 2939 rei
78 2871 236 2949 existentis
253 2868 306 2941 vel
321 2868 525 2969 significatae.
574 2870 714 2945 Moralis
736 2876 832 2944 liuius
852 2870 919 2943 loci
937 2867 1044 2965 sensns

29 2969 84 3040 talis
97 2966 150 3040 ell.
201 2964 244 3048 τὲ
268 2975 322 3060 τί,
348 2968 447 3069 quid,
472 2967 566 3068 saepe
581 2976 736 3067 ponimus
758 2998 818 3070 pro
835 2963 893 3049 bol
909 2974 964 3064 at,
989 3000 1044 3045 cu-

29 3069 174 3141 iusmodi:
214 3067 254 3147 ai
271 3074 435 3166 λέλεσοης
475 3067 554 3168 quid
584 3068 710 3143 lanisti?
750 3078 788 3148 τί
815 3086 1046 3172 neemanim

29 3166 93 3266 quid
108 3169 275 3253 ambulas,
299 3174 339 3247 τί
351 3162 516 3265 intpp,
542 3167 621 3267 quid
651 3167 793 3243 differis?
827 3178 939 3243 omnia
954 3178 1045 3243 enirn

27 3272 93 3339 haec
104 3296 166 3365 pro
181 3262 241 3347 bol
257 3273 304 3360 ri,
331 3296 438 3366 quare.
487 3266 630 3372 Qando
647 3275 746 3367 igitur
759 3268 848 3357 dicit5
872 3288 909 3342 ut
925 3274 1047 3345 videret

27 3369 91 3462 quid
103 3383 251 3450 voraret:
275 3368 421 3466 intellige
440 3367 474 3439 id
492 3366 628 3465 perinde
651 3366 714 3441 elle
733 3396 772 3439 ac
789 3396 888 3469 quare
904 3370 1047 3469 appella-
1120 3420 1121 3423 =

27 3487 75 3550 ret,
97 3488 128 3539 et
142 3464 185 3539 ad
199 3464 232 3541 se
247 3486 377 3541 vocaret
392 3488 423 3539 et
440 3468 690 3567 ampledleretur
702 3475 824 3542 horum
837 3470 1049 3570 vnumquodi
1067 3499 1068 3502 ¹

28 3593 80 3665 que
94 3594 198 3641 mens.
248 3574 369 3640 Vtrum
380 3574 480 3666 igitur
494 3563 658 3640 necess'arii
672 3589 799 3639 tantum
816 3577 929 3668 gratia,
954 3567 1046 3668 quod

27 3693 114 3763 genus
128 3668 269 3740 mortale
290 3666 336 3741 est
360 3668 542 3743 obnoxium
563 3663 732 3741 affeeiibus
746 3689 777 3745 et
793 3676 897 3758 vitiis;
929 3689 984 3741 aut
1001 3688 1046 3741 et·
1145 3752 1147 3757 ¹

27 3772 81 3838 iarn
96 3772 164 3839 eius
186 3764 279 3867 quod
291 3775 435 3841 nimium
446 3785 480 3839 et
494 3765 697 3865 superfluum
712 3768 777 3861 ell3
801 3790 834 3851 et
850 3788 961 3843 vuum
971 3796 1046 3868 pro·

378 3894 382 3900 ’
539 3872 575 3942 N
601 3892 622 3941 a
974 3889 1047 3971 pter

28 4068 51 4145 l)
67 4046 103 4131 lic
119 4074 229 4157 iterum
244 4071 331 4135 MSS.
349 4091 408 4149 pro
425 4056 592 4137 τεθὲὗτων

27 4175 55 4255 ε)
71 4181 132 4247 MS.
147 4183 234 4244 Med.
253 4202 311 4259 pro
332 4168 427 4260 γένος
446 4191 477 4250 in
494 4184 575 4254 Edit.
637 4196 640 4202 '

623 4283 713 4326 „l
