2609 4817
78 250 151 335 ¹.
253 290 323 366 oe
355 287 541 369 trvrtot
572 293 821 393 orrerero.
988 318 1056 387 κη

35 443 156 537 interra
167 485 230 532 nec
241 486 389 559 uuquam
405 465 493 559 prius
514 454 608 531 natae
625 456 717 548 sunt,
741 489 805 534 nee
822 443 992 536 nascituras
1011 460 1058 535 esi

38 560 188 649 credibile,
210 565 296 633 vitae
310 580 365 633 aut
376 559 560 635 inteilcdtue
568 557 710 635 feraces:
732 558 799 647 sed,
824 582 963 661 utputo,
986 560 1061 636 sub·¹

38 659 181 735 indicatur
201 685 264 759 per
281 656 467 763 paradisum
488 657 632 759 quidem
644 662 831 763 principalis
852 668 900 735 vir
916 668 1057 748 animae,

38 790 107 862 quae
128 760 173 832 est
186 760 300 859 plena,
326 788 388 833 eeu
401 760 530 862 pientii,
553 768 734 835 innumeris
748 764 974 862 opinionibus:
994 789 1056 857 prr
1189 790 1191 799 ·

37 868 163 935 uitem
176 875 282 934 autem
297 865 393 943 uitae,
416 867 516 960 pietas
531 866 616 935 inter
629 888 747 953 omnes
762 868 892 937 virtutes
909 869 1057 937 eminen-

38 961 148 1047 tissuna,
170 987 351 1063 perquam
372 960 568 1035 immortalis
583 960 729 1036 redditur
750 969 879 1037 anima:
904 961 985 1037 sicut
997 990 1057 1063 per
1082 1001 1084 1017 ·

37 1068 164 1137 arborem
178 1066 372 1160 cognitionis
384 1066 456 1135 botri
481 1062 615 1159 malique
630 1062 740 1135 media
758 1062 949 1163 prudentia,
973 1090 1057 1163 quae

38 1160 170 1236 discernit
188 1188 241 1235 rer
267 1157 455 1236 naturaliter
475 1169 659 1235 contrarias.
708 1168 771 1237 His
796 1170 895 1263 igitur
915 1188 976 1237 ceu
995 1184 1056 1237 ter·

39 1270 120 1337 minis
134 1269 169 1335 in
189 1268 303 1334 anima
316 1258 447 1361 positis,
469 1266 561 1337 Deus
576 1284 732 1363 tanquam
755 1262 854 1337 iuderi
875 1262 1056 1337 confidere·

38 1366 155 1438 muro
170 1358 250 1435 esset
262 1386 325 1462 pro
348 1359 473 1437 enstor:
499 1383 531 1435 et
543 1363 718 1463 postquam
732 1362 812 1437 vidit
833 1392 909 1438 eam
922 1390 1057 1464 vergere

38 1461 297 1555 adeasliditatem,
320 1389 484 1536 sandiitate
512 1468 695 1563 pietateque
716 1464 909 1563 posthabita,
934 1492 973 1539 ex
987 1470 1056 1565 qui·

39 1567 84 1637 bur
102 1562 296 1636 immortalis
314 1569 380 1636 vita
399 1568 567 1663 provenit,
600 1572 722 1638 merito
744 1561 902 1639 auersatus
921 1565 1018 1639 estet
1037 1590 1056 1636 e

39 1659 162 1765 paradiso
185 1663 311 1762 expulit
330 1658 470 1762 praecisa
495 1670 591 1735 omui
611 1660 666 1763 spe
685 1662 806 1739 reditus
826 1672 955 1738 animae
996 1690 1056 1739 uae

39 1786 92 1836 tun
117 1770 260 1862 grauiter
289 1783 322 1835 et
342 1759 559 1836 insanabiliter
578 1761 754 1863 peccassem
786 1693 1056 1867 quandoquidem

40 1871 119 1938 etiarn
132 1861 335 1961 deceptionis
353 1860 480 1935 occasio
499 1890 571 1935 nou
595 1862 806 1943 mediocriter
828 1862 892 1939 fuit
915 1866 1056 1967 culpabi·
1177 1882 1182 1891 ·

39 1966 84 2049 lie,
108 1990 175 2037 non
195 1953 428 2045 dissunusauda
447 1966 514 2035 hoe
536 1962 614 2037 loeo
641 1992 702 2066 per
721 1962 894 2041 sderitium.
943 1972 1057 2041 Fertur

39 2066 106 2139 olim
118 2061 198 2137 iilud
211 2083 426 2148 venenatum,
458 2082 491 2135 et
514 2082 633 2137 eterra
646 2085 758 2141 ortum
778 2066 903 2166 reptile,
927 2064 1056 2167 serpen·

38 2188 108 2259 tem,
135 2169 285 2238 humana
313 2189 396 2235 voce
429 2158 522 2235 vsum
550 2161 642 2237 effe:
674 2171 706 2261 ¹is
726 2165 811 2238 olim
835 2165 958 2241 conditi
981 2187 1055 2240 ante

41 2292 137 2339 omnes
153 2270 215 2337 viri
240 2290 381 2337 exorem
395 2259 576 2362 aggressus,
601 2266 814 2364 opprobrauit
833 2272 864 2339 ei
894 2265 1056 2367 stupidita·
1173 2264 1175 2271 ’

40 2388 92 2439 tem
113 2385 142 2437 et
163 2369 312 2438 numinis
331 2370 550 2436 reuerentiam
571 2370 731 2450 niniam,
765 2365 855 2467 quod
870 2365 1056 2443 cunctando

40 2464 263 2567 procrastinaret
292 2488 424 2562 carpere
454 2459 600 2537 studium
625 2462 759 2565 aspediu
787 2463 1056 2566 speciofiffimmn

40 2573 182 2651 omniurn,
204 2563 304 2664 gustu
317 2590 396 2637 vero
410 2559 651 2656 suauissunum3
683 2564 822 2639 adhaec
840 2568 1055 2655 vtiiissunum,

40 2674 138 2767 quippe
163 2670 216 2737 cui
239 2669 288 2738 vis
307 2661 381 2738 infit
406 2660 621 2762 dignoscendi
638 2667 726 2739 bona
755 2688 788 2741 et
812 2669 908 2742 masa.
958 2670 1056 2743 Illam
1141 2704 1146 2713 ·

41 2774 131 2841 anino
149 2762 321 2837 imbecillo
342 2763 525 2837 etiusiabili
543 2785 669 2838 temere
691 2762 925 2856 assentientem,
949 2770 1054 2870 gusta·

40 2890 94 2940 turn
110 2892 250 2965 pomum
266 2870 337 2937 viro
359 2861 631 2938 communicasse:
667 2872 776 2967 itaque
800 2872 899 2943 ambo
920 2890 1057 2969 repente
1129 2895 1131 2900 ·

41 2996 70 3039 er
93 2971 275 3039 innocentia
313 2962 582 3136 sunpiicitateque
612 2992 748 3043 morum
779 2974 815 3040 in
846 2969 1066 3045 calliditatem.

42 3074 132 3140 mutati
145 3062 225 3138 sunt.
275 3062 313 3137 ld
328 3071 363 3136 in
388 3070 465 3163 igne
494 3062 604 3138 serene
625 3087 719 3167 pater
744 3071 946 3161 (merebatur
962 3078 1054 3143 enirn
1168 3126 1171 3136 r

41 3163 257 3249 iramsacinue,
285 3163 555 3265 quandoquidem
571 3168 722 3267 negledia
749 3174 832 3249 vitae
857 3170 1054 3245 immortalis

41 3270 142 3352 arbore,
164 3270 232 3337 hoc
258 3265 306 3338 esi
328 3271 445 3338 virtute
469 3263 717 3351 absolutissima,
741 3267 827 3343 vnde
854 3270 1054 3372 longaeuum

41 3397 69 3439 ac
82 3370 199 3441 beatam
218 3371 319 3437 vitam
335 3392 467 3464 carpere
486 3389 678 3466 potuerant,
703 3368 840 3443 breuem
864 3372 1052 3445 mortalem·
1100 3458 1103 3463 ¹

41 3495 99 3567 que,
118 3494 184 3541 uon
200 3462 277 3538 dieo
290 3473 403 3551 vitam,
425 3462 481 3539 sed
495 3488 628 3567 tempor.
647 3467 881 3545 aerumnosum
894 3471 1053 3574 praetule-

839 3656 841 3669 .
966 3576 1094 3665 murt·
1215 3595 1218 3603 ’

43 3778 75 3859 rr)
91 3784 150 3845 MS.
162 3782 247 3883 piep
266 3768 488 3865 nrprpivcrus
663 3844 667 3853 ,

43 3880 68 3957 ιι)
84 3893 172 3940 καιτοι
187 3893 228 3939 το
246 3858 332 3942 cirris*
351 3882 433 3945 Cod.
449 3884 490 3951 A.
506 3894 535 3943 et
546 3882 629 3943 Editi
649 3881 686 3949 Pr

45 3977 71 4054 ο)
86 3982 144 4047 us.
163 3982 245 4039 Meu.
266 3960 282 4041 ἑ
301 3956 387 4063 'ipre
654 3972 658 3979 ’
736 3999 743 4007 -
785 3976 786 3979 ‘
893 3956 896 3966 '

43 4077 69 4155 p)
85 4054 315 4162 αἰπολαυθῆνοη
335 4083 401 4146 MS.
416 4078 501 4139 Med.

46 4174 71 4255 q)
87 4153 124 4237 ci
142 4180 217 4241 deest
231 4180 264 4241 in
284 4179 362 4240 Cod.
380 4177 420 4240 A.
433 4190 464 4238 et
477 4176 566 4239 editis
584 4164 621 4236 P.
