2609 4817
222 255 373 347 [nors
406 274 854 364 antnoourmvu.
930 268 934 279 ’
989 297 1057 369 tta

38 442 164 544 plantare
181 460 212 513 et
227 440 337 513 colere
350 436 529 539 paradisos:
554 468 612 515 cur
628 446 720 513 enim
740 435 773 513 id
791 435 923 527 faceret,
951 438 1057 533 statim

38 547 160 615 occurrit
182 539 348 614 dubitatio.
405 548 486 614 Non
514 546 605 613 enim
623 563 658 613 vt
680 566 838 614 amoenos
861 536 993 615 seceffus
1023 564 1057 623 et

38 643 196 739 voluptates
222 637 279 711 libi
299 665 483 741 quaereret,
507 667 591 741 quae
609 637 793 714 fabulositas
815 667 858 713 ne
875 646 910 715 in
935 648 1055 741 cogita·
1122 680 1124 685 ·

37 750 147 813 tionem
163 736 297 838 quidem
319 739 519 827 admittenda
534 742 597 832 ell3
632 768 711 813 nam
732 747 807 813 Deo
828 769 871 813 ne
887 762 972 829 totus
985 750 1056 841 qui·

35 840 101 913 dem
119 838 257 913 mundus
271 840 304 912 di
329 869 412 914 num
426 838 503 914 elset
518 840 743 913 domicilium:
780 847 836 939 qui
852 840 910 914 fibi
925 838 991 939 ipse
1005 843 1054 916 lo,
1099 870 1102 885 ¹

35 970 81 1013 cus
94 938 147 1025 est,
171 960 203 1011 et
216 936 282 1037 ipse
294 867 397 1040 liipso
436 943 529 1014 lenus
537 938 660 1040 libique
677 938 849 1025 sufficiens,
875 968 953 1015 cum
962 947 1053 1029 Deus

35 1040 159 1111 alienam
171 1037 398 1137 indigentiam,
409 968 633 1123 lolitudinem,
649 1044 904 1141 inanitatemque
919 1043 1054 1141 impleat
1102 1109 1104 1117 ,

35 1145 236 1223 etcontineat,
258 1135 325 1237 ipse
339 1167 450 1211 veroa
470 1137 564 1212 nullo
578 1138 643 1210 alio
662 1146 877 1227 contineatur,
901 1136 1054 1241 cumipse

34 1268 102 1313 mus
125 1235 162 1310 fit
183 1257 215 1309 et
237 1235 446 1311 uniuersum:
473 1263 552 1337 ergo
565 1257 729 1311 terrenam
749 1245 901 1311 virtutem
918 1238 1053 1327 seminat

33 1367 64 1411 ac
76 1338 189 1437 plantat
205 1342 297 1411 Deus
312 1344 347 1410 in
363 1343 511 1412 humano
530 1362 673 1435 genere,
704 1362 786 1437 quae
803 1337 840 1411 stt
856 1346 967 1441 imago
984 1342 1053 1416 effi.

33 1445 149 1537 giesque
169 1436 314 1511 coelellis
336 1444 469 1511 virtutis.
518 1434 691 1510 Miseratus
713 1443 804 1509 enim
828 1440 976 1511 nostrum
996 1468 1053 1541 ge·
1095 1439 1099 1448 ¹
1127 1434 1130 1441 Δ

33 1566 93 1622 nuo,
115 1559 147 1611 et
166 1533 366 1636 conspicatus
389 1536 424 1610 id
438 1538 587 1636 plurimis
615 1534 772 1609 refertum
796 1543 897 1622 vitiis,
922 1544 1053 1613 auxilia·

33 1637 131 1711 tricem'
145 1659 177 1710 et
189 1630 405 1736 depultricem
425 1644 554 1709 animae
573 1638 769 1709 morborum
786 1642 938 1711 virtutem
955 1662 1053 1713 terre·

33 1766 98 1810 uam
112 1734 274 1825 radicauit,
300 1736 341 1809 ad
357 1742 589 1820 imitationem,
614 1757 647 1809 vt
661 1734 745 1822 dixi,
771 1738 917 1809 coelestis
939 1760 970 1811 et
988 1746 1071 1838 prin

33 1842 190 1937 miganiae,
236 1864 315 1909 uam
333 1865 404 1910 non
422 1865 487 1909 vno
502 1857 596 1909 vocat
608 1842 756 1907 nomine.
786 1834 967 1913 ’Paradisus
983 1868 1052 1913 cer·

32 1958 58 2009 te
70 1937 196 2036 figurate
211 1862 329 2009 dicitur
342 1942 458 2010 virtus:
491 1937 583 2010 locus
604 1957 715 2008 autem
726 1942 887 2035 proprius
904 1936 1057 2036 'paradiso
1151 1972 1154 1979 ’

32 2034 135 2122 Edem,
156 2036 190 2109 id
205 2036 263 2120 ell,
288 2034 423 2109 deliciae
435 2068 454 2128 3¹
470 2036 578 2109 virtuti
597 2057 707 2122 autem
723 2042 878 2109 conuenit
892 2065 967 2136 pax,
992 2065 1050 2111 vo·

32 2137 130 2236 luptas,
151 2134 333 2237 gaudium,
358 2138 528 2236 inquibus
551 2132 624 2217 sunt
649 2162 740 2208 verae
756 2136 899 2209 deliciae.
957 2144 1050 2240 Qin

32 2258 59 2309 et
78 2234 114 2309 ad
137 2243 301 2311 orientem
325 2237 371 2309 'est
387 2241 483 2310 huius
502 2231 637 2334 paradisi
659 2236 823 2335 plantatio.
872 2242 962 2309 Nam
986 2265 1050 2313 nec
1100 2289 1107 2321 n

33 2335 137 2410 occidit
159 2364 222 2409 nec
247 2341 462 2436 extinguitur,
502 2332 558 2408 sed
587 2356 746 2434 perpetuo
767 2330 902 2433 effulget
925 2344 1049 2413 virtutis

32 2431 181 2535 splendor:
206 2456 238 2508 et
253 2457 288 2509 vt
301 2459 395 2535 puto,
419 2435 498 2509 ficut
509 2432 557 2508 sol
575 2457 703 2507 exortus
718 2433 928 2534 caliginosum
938 2447 1050 2513 aerem

30 2538 118 2635 replet
135 2537 226 2609 luce:
251 2533 297 2609 stc
309 2542 408 2611 etiam
425 2540 541 2621 virtus,
565 2556 676 2607 exorta
690 2540 725 2607 in
747 2542 856 2607 anima
873 2538 1050 2635 caliginem

33 2644 87 2709 eiut
101 2636 251 2721 illustrat,
289 2658 322 2710 et
343 2636 486 2710 multum
506 2636 715 2707 tenebrarum
732 2631 866 2707 discutit.
923 2641 1048 2733 ,Erpa

26 2740 92 2835 filit,
113 2742 228 2836 inquit,
252 2740 296 2809 ibi
316 2740 465 2814 lotniuem
480 2734 730 2832 quemfinxerot.
780 2741 869 2807 Cum
886 2745 976 2809 enim
990 2739 1050 2810 bo·

32 2866 81 2909 uus
98 2835 134 2911 lit
150 2843 254 2922 Deus,
278 2857 312 2909 et
323 2836 363 2909 ad
381 2843 533 2909 virtutem
552 2856 708 2935 tanquam
723 2831 780 2932 ipsi
792 2832 1049 2919 consentaneum

32 2964 118 3035 opus,
148 2959 294 3010 exerceat
317 2936 616 3037 genus·nostru1n‚
666 2954 814 3007 mentem
844 2927 982 3011 collocat
1012 2943 1049 3013 in
1164 2981 1167 2986 ·

33 3043 151 3123 virtute,
174 3036 326 3110 videlicet
341 3058 375 3110 vt
398 3035 486 3120 nihil
501 3033 589 3108 aliud
615 3060 715 3133 quam
734 3036 819 3105 hanc
835 3036 921 3109 colat
946 3058 1050 3121 coreo

32 3162 84 3235 que
103 3164 162 3210 ceu
186 3138 293 3209 bonus
312 3136 462 3236 agricola.
538 3142 681 3234 Qaerat
708 3155 817 3223 autem
842 3140 897 3209 hic
922 3137 1049 3237 aliquia,

32 3262 128 3334 quare,
151 3263 228 3309 cum
240 3242 334 3334 pium
356 3234 394 3308 lit
408 3240 527 3307 imitari
541 3246 640 3332 opera
656 3239 741 3319 Dei,
767 3260 830 3333 ego
853 3254 945 3309 vetor
957 3238 1049 3337 plan·

33 3337 210 3409 tarelucum
225 3335 313 3433 apud
325 3333 510 3419 sacrarium,
534 3338 625 3407 Deus
649 3351 761 3405 autem
782 3334 903 3433 plantat
924 3336 1050 3435 paradi·
1079 3402 1081 3407 .

32 3430 112 3507 lum?
134 3440 176 3509 ait
191 3441 281 3507 enim
293 3436 366 3509 lex:
390 3438 469 3508 Non
479 3437 640 3529 plantabis
657 3437 714 3505 tibi
724 3436 907 3531 ipstlucum,
933 3462 1050 3509 onmem

32 3540 160 3615 arborem
178 3539 277 3631 ,apud
288 3538 473 3635 sacrarium
497 3536 564 3609 Do·
593 3539 643 3605 tui
672 3551 734 3607 troo
752 3536 858 3631 socies
881 3540 940 3611 tibi
968 3538 1050 3633 msc:

567 3638 597 3705 K
623 3657 643 3707 2
897 3636 906 3647 ”
994 3634 1051 3709 uid

33 3768 61 3848 a)
77 3749 202 3856 ὖιὸςθδς
220 3751 341 3855 λίνος]
361 3780 450 3847 MSS.
467 3777 551 3873 Mfd.
565 3774 710 3873 3²1¹:le
734 3778 814 3840 Editi
836 3754 910 3861 dede
931 3756 1051 3858 οἷυγῆς.

64 3872 118 3931 sed
140 3874 220 3935 forte
242 3877 350 3951 reponi
368 3876 458 3935 debet
477 3882 718 3957 operatorum
765 3877 855 3936 Certe
879 3881 1049 3946 emendatio

64 3951 130 4013 haec
153 3974 190 4017 ex
209 3974 355 4033 contextu
376 3961 465 4021 facile
488 3960 610 4019 videtur
632 3958 813 4021 confirmari.
856 3958 1052 4039 (Mangeiana

66 4045 172 4126 Editio,
193 4072 352 4129 operarum
372 4075 474 4120 errore
493 4036 510 4115 ἕ
525 4030 626 4139 deddc
639 4030 748 4129 λέγω*
762 4035 838 4143 dede
848 4035 976 4136 olum.
989 4042 1050 4135 ⁸P.)

36 4133 64 4216 ο)
80 4144 210 4211 reuss,
224 4150 457 4226 uertatur.
480 4153 565 4221 auu
587 4132 740 4238 αὐγάζι
800 4198 824 4221 .,
852 4211 857 4221 ,
