2609 4817
162 274 865 401 rrsrrlrr'o‘rottcrortu
912 303 1045 363 xxxix
1112 280 1116 290 ’

38 448 98 542 alar.
157 440 311 535 Vtinam*
348 452 463 532 'vero'
497 455 692 549 scriptores
734 454 803 531 iarn
848 457 1040 531 memorati

36 588 112 662 nulla
141 582 387 677 congessiffent
420 579 623 653 testimonia
648 560 711 651 vel
744 577 788 651 de
821 558 1037 652 verbovel
1069 555 1073 582 ¹
1141 580 1146 602 ‘

35 706 191 780 Trinitate
243 702 472 781 Sacrosaniia
522 704 566 773 er
614 700 718 774 ‘libro
770 704 885 795 vulgo
939 698 1039 773 diuo
1101 753 1105 761 -

38 818 150 911 Sohar3
185 826 247 916 qui
271 826 417 917 quidem
444 841 515 898 tarn
542 837 668 918 aperte
699 836 736 897 et
760 821 921 898 distinete
950 818 1040 897 fidel

38 946 178 1041 mysteria
210 948 383 1040 exprimit
413 948 517 1042 quam
554 944 672 1038 quiuis
707 943 926 1021 Christianus
955 942 1041 1017 scri·

34 1086 118 1166 ptor3
142 1058 226 1138 est
214 1089 310 1141 vero
335 1067 523 1169 manifesto
551 1089 643 1160 opus
668 1062 957 1159 suppofititium‚
986 1064 1039 1137 st·

33 1192 123 1291 ptino
145 1188 293 1263 saeculo
320 1193 380 1263 vel
401 1189 520 1264 forsan
543 1187 680 1262 tardius
706 1187 921 1269 eoniitlunr.
955 1187 1048 1262 non‘

34 1311 182 1385 Simeonis
208 1311 392 1385 lochiadis
417 1314 566 1408 foetus,
594 1309 654 1383 sed
681 1309 835 1384 Rabbini
856 1308 1038 1404 posterio-

33 1434 69 1506 ris
57 1435 181 1505 slucro
204 1432 398 1506 seruientia
423 1431 644 1553 figmentum.
711 1431 765 1505 Ex
787 1431 861 1506 hoc
883 1448 921 1505 et
944 1432 1038 1507 Cab-
1155 1422 1159 1427 ’

34 1554 167 1629 balisticis
195 1554 409 1647 quibusdam
432 1555 560 1630 libellis
587 1577 634 1629 eo
662 1551 798 1628 bdelli
828 1554 910 1630 sunt
941 1573 1038 1629 non-

33 1677 116 1765 nulli,
141 1691 185 1747 vt
210 1675 364 1749 ludaeos
388 1690 472 1751 ante
495 1676 672 1752 Christum
701 1682 824 1749 natum
840 1671 1035 1752 Trinitatis
1178 1664 1185 1681 ⁸

34 1800 133 1893 dogna
153 1795 357 1891 recepisse,
391 1796 613 1888 alleretent3
647 1806 778 1871 verum
805 1795 1035 1872 certiilirnurn

31 1920 84 2011 est,
119 1936 197 1994 eos·
216 1941 287 1993 nec
320 1939 396 1990 rena
419 1942 490 1994 nec
525 1943 662 1998 nornen
694 1914 874 2006 tenuisse,
910 1936 1035 2009 neque

29 2042 97 2115 adeo
116 2056 248 2115 tenere
272 2032 439 2133 potu'iss’e.
493 2042 736 2142 Probatiooes
752 2037 882 2112 Trium
906 2036 1034 2111 Perso-

29 2184 124 2259 narum
150 2164 396 2256 Diuinarum‚-
415 2166 522 2239 nobis
545 2163 753 2239 Christianis
772 2159 904 2253 quibus
926 2158 1032 2234 Clari·

28 2286 78 2358 stus
96 2283 143 2357 est
168 2283 266 2377 quast
293 2282 426 2373 clauis,
453 2286 607 2379 Spiritus
632 2304 781 2383 quoque
804 2274 951 2360 sanetus
967 2266 1034 2357 'lu-

29 2430 84 2481 cam
101 2406 298 2499 ministrat,
320 2388 402 2484 satis
427 2431 473 2482 ex
491 2410 596 2484 Mose
622 2424 662 2483 et
682 2409 780 2481 libris
799 2401 1044 2500 l’ropheticis⁴
1138 2484 1143 2497 x

26 2543 143 2633 patent,
177 2524 311 2604 veruna
337 2534 398 2603 vel
427 2531 572 2625 prorsus
601 2530 876 2639 latebant,s:vel
899 2528 1030 2619 obseu-

26 2653 78 2723 rius
99 2651 392 2739 discernebantur
412 2677 434 2727 a
451 2648 660 2752 vulgaribus
686 2652 839 2728 ludaeis.
890 2650 1027 2747 Myste-

26 2774 94 2847 riun
116 2776 213 2848 enirn
241 2775 333 2850 istud
356 2777 524 2871 pietatis,
550 2752 697 2859 Christo
721 2775 836 2850 solunt
860 2775 1028 2847 reuelan-

26 2910 102 2969 teet
123 2897 263 2989 Sprrrtu
283 2897 319 2971 S
341 2900 556 2990 adiuuante,
583 2913 663 2973 erat
683 2895 962 2994 praedicandum
984 2907 1027 2969 et

24 3017 256 3113 recipiendum
323 3021 522 3095 Consensus
559 3022 671 3119 igitur
707 3016 1024 3095 vetustisslrnorum

23 3121 240 3229 Scripturas
229 3126 469 3251 anterpretum
497 3166 577 3218 curn
605 3142 755 3217 Philone
780 3143 914 3237 probat
939 3159 1024 3215 eum

23 3279 77 3333 non
98 3256 322 3351 Platonem
344 3263 404 3342 sed
437 3266 645 3360 primaeuos
678 3264 797 3361 gentis
826 3264 908 3339 suae
938 3260 1023 3336 scti-

22 3397 119 3472 ptores
141 3380 390 3482 duceslequi.
450 3386 565 3460 Immo
590 3408 687 3459 veto
710 3406 788 3461 non
815 3383 944 3461 dubito
969 3384 1023 3461 af-

21 3498 141 3609 linare
157 3503 349 3579 Platonem
369 3484 548 3599 ipsum'ex
574 3508 709 3583 eisdem
736 3507 924 3597 fontibus,
954 3505 1022 3589 sci·

22 3623 86 3696 licet
103 3625 285 3719 scripturis
309 3627 507 3719 Hebraeis,
529 3627 728 3704 doetrinatn
746 3630 809 3724 naal
830 3627 912 3720 Λέγε
933 3629 1021 3707 hau.

24 3742 87 3823 tle.
129 3745 214 3820 Earn
232 3769 328 3823 vero
346 3751 415 3841 Nvel
435 3750 535 3844 quod
558 3748 675 3825 minus
699 3751 932 3849 intelligeret,
954 3750 1019 3832 vel

23 3878 53 3935 rt
73 3861 159 3943 suant
186 3869 335 3976 prorsus
359 3871 519 3973 faceret,
554 3872 683 3946 mirum
708 3872 745 3947 in
771 3875 919 3951 modurn
940 3894 1018 3950 rnu-
1103 3902 1120 3915 ·

22 3985 84 4061 ulle
108 4004 143 4065 et
168 3991 380 4088 corrupiffe.
444 3993 503 4068 De
536 3992 741 4097 Pythagora
772 3994 936 4077 distimus
971 4004 1018 4070 et

360 4154 371 4169 ·
478 4138 550 4208 ou
669 4156 672 4161 ·
919 4118 1014 4215 Het-
