2609 4817
201 293 207 303 .
247 230 400 307 LEGIS
433 224 871 305 ALLEGORIAR'VM.
1011 246 1080 317 αις

59 399 119 481 lem
131 400 230 475 vitam
247 396 477 493 relinquentes,
501 393 854 481 immortalemautem
871 391 990 489 adepti,
1015 388 1083 489 spe,-

60 504 286 573 Ctanturvanae
306 514 340 565 et
356 496 500 584 mortaiis
515 500 680 592 opinionis
700 490 788 567 nudi.
838 498 917 568 Non
941 496 1082 563 enimin

60 596 315 690 tunicis-ipsorum
355 615 493 677 ortantes
510 594 704 691 extuliffent,
730 591 791 665 nist
814 592 925 681 nudati
942 588 1103 675 firiffent'

61 620 422 769 omnivinculoaflittus
433 714 652 792 etcorporeae
667 691 854 768 necessitatis
867 691 1030 799 disruptp,
1040 718 1082 791 ne
1136 776 1141 783 ἱ

60 793 170 869 nuditas
185 790 334 891 ipsorum
354 816 386 866 et
404 800 637 892 incorporeitas
650 799 825 893 impiarum
845 797 1081 891 cogitationum

59 888 184 993 ingreffu
201 914 438 991 corrumpatur.
487 899 605 992 Neque
621 900 711 965 enirn
725 895 879 965 omnibus
893 897 1081 993 permitten-

60 995 127 1068 dum
137 1020 249 1074 arcana
258 999 325 1066 Dei
336 990 501 1095 inspicere,
523 1021 638 1067 verum
653 992 863 1079 iisduntaxat‚
912 998 943 1063 ui
953 987 1083 1089 poffunt

60 1124 90 1167 ea
106 1114 279 1193 contegere
290 1114 333 1164 .et
347 1090 517 1166 custodire.
566 1093 647 1168 Ideo
663 1100 760 1187 etiam
785 1019 945 1189 [Misaiae
961 1112 992 1182 et
1005 1088 1081 1163 socii

61 1203 115 1267 eius
129 1188 270 1266 efferunt
283 1199 353 1286 non
368 1198 506 1291 propriis
520 1190 665 1290 ipsorum
683 1192 845 1278 vestibus,
876 1187 930 1263 sed
944 1190 1081 1265 vestibus

58 1292 157 1371 Nadab
173 1315 205 1365 et
216 1290 340 1377 Abiud‚
364 1298 419 1391 qui
437 1291 591 1369 incendio
606 1289 765 1393 absumpti
788 1312 819 1364 et
839 1288 961 1365 sursum
976 1295 1080 1363 euecti

59 1392 178 1467 fuerant.
229 1398 342 1466 Exutis
360 1397 451 1461 enim
468 1393 621 1466 omnibus
634 1398 877 1493 integumentis,
901 1390 1081 1469 nuditatem

58 1500 121 1567 Deo
143 1492 353 1577 obtulerunt,
377 1491 499 1585 vestes]
525 1489 672 1565 Misadae
697 1514 728 1567 et
756 1488 849 1566 sociis
871 1492 1080 1591 reiiquerunt.

60 1597 195 1668 Tunicae
217 1614 329 1664 autem
356 1586 429 1664 sunt
454 1598 558 1690 partes
581 1593 794 1684 irrationalis,
825 1620 907 1691 quae
932 1598 1082 1663 animum

60 1692 250 1765 adumbrant.
300 1697 343 1762 Et
357 1692 522 1763 Abraham
536 1689 676 1765 nudatur
690 1719 794 1793 quum
815 1691 949 1773 audiuit,
975 1694 1081 1788 Egra:
1111 1700 1116 1709 ’

59 1795 165 1867 dnede
178 1806 272 1863 terra
288 1805 365 1874 tua,
390 1805 421 1861 ct
448 1793 485 1861 de
509 1798 693 1889 cognatione
715 1809 779 1865 tua.
840 1798 881 1865 Et
898 1788 989 1863 *isaac
1012 1818 1082 1863 non

59 1890 181 1965 nudatur
195 1888 345 1989 quidem,
369 1886 498 1989 semper
518 1913 627 1966 autem
644 1890 751 1966 nudus
773 1892 864 1965 estet
881 1889 949 1963 stuc
967 1918 1083 1988 corpo·

58 2020 96 2066 re.
138 1989 338 2064 Mandatum
355 1997 446 2061 enirn
464 1997 494 2062 ei
512 1989 624 2064 datum
642 1992 688 2065 est
702 1982 959 2089 non'descendrtu
974 1990 1081 2063 itrAi-
1182 1988 1185 1993 ’
1223 2028 1233 2071 ·,

56 2107 199 2191 gyptrttn,
223 2095 292 2162 hoc
313 2090 371 2173 esi,
401 2117 529 2190 corpus.
584 2097 626 2164 Et
648 2095 746 2179 Iacob
771 2092 922 2165 nuditatis
953 2097 1083 2167 animae

60 2218 154 2265 ainans
171 2190 240 2261 est:
260 2190 396 2269 laeuitas
416 2197 507 2262 enim
530 2188 626 2290 ipstus
642 2192 769 2267 nuditas
791 2193 844 2275 est.
895 2196 984 2263 Erat
1002 2194 1083 2261 enisu
1182 2230 1187 2239 ·

59 2294 130 2388 Eflut
139 2295 191 2363 vir
199 2291 346 2386 villosus:
362 2282 456 2361 Iacob
464 2317 550 2373 nero,
561 2297 738 2390 inquituir
748 2296 844 2365 Inertis
852 2322 863 2365 .·
889 2311 1085 2392 quapropter

60 2398 142 2465 etiam
166 2396 246 2463 Li'ae
265 2396 315 2461 vir
339 2389 394 2462 est.
465 2395 558 2463 Haec
572 2420 574 2424 ’
588 2397 688 2489 igitur
715 2400 839 2492 optima
868 2371 993 2465 nuriitas
1020 2391 1083 2474 est,

60 2494 142 2564 alten
160 2516 242 2562 vero
266 2489 312 2560 est
332 2496 511 2575 contraria,
543 2497 667 2563 virtutis
692 2500 830 2592 priuatio
862 2520 900 2565 ex
925 2487 1012 2588 lapsu
1038 2486 1084 2560 fa·

60 2597 110 2676 oa,
127 2618 234 2690 quum
246 2595 380 2687 ineptiat
395 2611 427 2662 et
437 2588 553 2662 deliret
565 2597 685 2663 anima.
735 2599 774 2667 In
788 2598 872 2665 hanc
888 2590 999 2663 incidit
1007 2594 1084 2662 Noe'

59 2695 203 2775 audetur,
224 2690 391 2786 postquam
420 2694 499 2763 bibit
530 2690 674 2762 vitium(
711 2696 823 2773 Gratia
842 2714 953 2763 autem
976 2694 1083 2772 Duo,

60 2790 134 2891 quod
156 2786 263 2889 lapsus
285 2812 317 2862 et
338 2786 475 2881 nudatio
495 2796 613 2863 mentis
635 2819 695 2889 per
710 2794 1082 2890 virtutisptiuatioriem,

60 2917 240 2988 nonisque
263 2887 303 2961 ad
326 2909 456 2961 externa
477 2885 541 2961 sese
565 2886 700 2976 effirdr't,
724 2889 779 2965 sed
795 2896 904 2991 nratpfit
929 2896 962 2963 iti
984 2892 1083 2961 domo,
1132 2906 1138 2915 '

59 2996 133 3064 Dicit
147 2997 251 3072 enim,
266 2990 353 3086 quod
364 2992 502 3061 meatus
519 2992 561 3086 ist
576 2996 610 3062 in
623 2995 793 3090 domofiio.
817 3046 820 3055 Δ
843 2988 978 3065 Etiamst
993 2995 1084 3087 enim
1174 3002 1180 3023 ¹

59 3112 156 3188 peccet
169 3087 308 3188 sapiens,
330 3115 401 3159 non
421 3109 532 3161 tamen
549 3096 701 3189 impingit
715 3090 999 3192 quemadmodum
1017 3116 1085 3161 ma-

60 3191 107 3263 lus.
163 3194 274 3263 Huius
290 3194 382 3261 enirn
402 3185 613 3276 diffunditur,
642 3184 729 3265 iilius
753 3216 863 3265 autem
887 3195 1086 3263 contrahitur

60 3291 176 3363 malitia.
226 3288 306 3361 Ideo
321 3287 474 3361 etiamad
488 3286 694 3363 sobrietatem
718 3292 812 3377 redit,
838 3292 985 3375 boecii,
1011 3288 1083 3361 rafi-

60 3387 152 3487 piicit‚
178 3411 211 3463 et
237 3410 393 3490 tanquam
420 3415 461 3465 ex
484 3392 605 3463 morbo
636 3390 840 3466 conus-ieseit.
895 3390 1084 3465 Accusatio

596 3494 628 3562 Ο
656 3515 678 3581 4
974 3496 1082 3563 autern

61 3700 83 3777 l)
101 3705 219 3766 omnino
242 3708 308 3783 lege
330 3684 449 3765 ot'u‘ro'iv'
470 3709 554 3771 cuius
576 3711 794 3773 emendationis
819 3712 896 3770 ratio
919 3724 999 3779 patet
1022 3727 1081 3767 ann

94 3806 126 3848 er
144 3802 228 3849 textu
249 3790 354 3865 sacro,
381 3806 443 3853 turn
461 3792 673 3876 sequentibus3
701 3808 842 3855 notanter
865 3796 943 3853 enim
965 3794 1085 3853 videtin:

94 3884 220 3960 turpare
241 3864 361 3947 οἱπῶν.
433 3947 439 3958 ,

63 3990 94 4065 rt)
116 3995 195 4055 uuiti
214 3966 313 4075 dati,
334 3994 368 4055 a.

63 4069 100 4147 n)
117 4076 195 4139 Haec
211 4076 329 4140 vncinis
345 4073 455 4137 inclusa
475 4074 588 4150 restitui
606 4092 644 4142 ex
659 4074 727 4138 MS,
745 4074 829 4145 Med.
899 4155 901 4160 Δ

172 4197 181 4235 χ
261 4186 263 4196 .

276 4292 297 4338 0
