2609 4817
234 291 304 367 uu
342 290 527 369 Mvuor
559 270 847 371 orrrrc1o?
992 286 1046 389 'is
1158 308 1161 317 ’

26 429 77 537 isus
95 431 192 531 solent
210 460 295 553 haec
313 460 481 532 habitare:
505 457 588 531 aliae
603 483 683 531 vero
705 424 772 529 sola
790 462 907 531 virtute
919 454 1046 556 praedi·

27 583 85 642 tac,
104 556 344 631 nihilomnino
362 560 483 631 habent
505 563 585 643 vitii,
609 579 644 631 vt
661 556 786 629 stellae:
810 583 889 629 nam
903 561 965 630 hae
979 562 1045 631 ani·

28 660 109 735 maiia
127 653 186 728 etse
200 655 365 743 dicuntur,
391 678 423 730 et
443 656 579 759 quidem
595 656 827 757 intelligentia:
860 656 914 730 vel
935 664 1045 757 potiu's
1132 652 1137 661 ¹

28 785 123 844 earum
145 751 292 856 smguiae
312 778 470 843 mentes,·
488 774 589 830 totae¹
603 777 743 857 quantae
764 758 897 856 probae,
912 768 985 829 ¹nec
999 758 1047 831 vl·

28 862 77 935 iius
94 880 216 956 capaces
236 861 324 930 vitii:
350 855 477 931 rursum
494 857 576 929 aliae
600 863 720 929 tnixtae
744 882 783 928 ex
805 876 873 930 vtra
895 884 937 929 ue
954 878 1046 930 natu·

27 988 65 1041 ra,
83 963 253 1042 vthomo,
278 962 336 1057 qui
348 962 589 1029 contrariorum
602 956 648 1029 est
661 982 781 1055 capax,
807 882 1048 1055 prudentiaeet

27 1054 266 1155 imprudentiae,
290 1063 524 1156 temperantiae
544 1078 577 1129 et
593 1061 861 1141 incontinentiae,
885 1052 1048 1131 fortitudi-

26 1164 66 1232 nis
78 1177 107 1227 et
122 1154 323 1239 timiditatis,
347 1157 483 1229 iustitiae
503 1175 537 1228 et
550 1157 739 1229 iniustitiae:
771 1176 814 1242 et,
836 1178 873 1229 vt
889 1184 1048 1257 compen·

28 1256 72 1329 dio
84 1252 196 1340 dicam,
221 1257 350 1331 boniet
364 1255 455 1342 nauli,
479 1262 581 1354 turpis
601 1277 634 1327 et
647 1255 793 1340 honesti,
817 1262 940 1329 virtutis
954 1278 986 1329 et
1001 1259 1049 1329 vi·

27 1362 69 1431 tii:
89 1382 161 1453 crgo
174 1358 396 1428 conueniebat
411 1376 447 1429 vt
467 1352 652 1445 uniuersalis
669 1354 726 1427 ille
746 1354 837 1454 patei·
853 1358 944 1430 Deus
959 1357 1049 1433 bont

80 1577 91 1627 t
105 1582 163 1626 nec
180 1554 253 1627 indi
283 1562 444 1628 erentium
459 1562 581 1628 creatio
594 1550 660 1627 fiuit
674 1554 781 1627 aliena
804 1556 843 1627 ab
860 1580 922 1640 eo,
946 1582 1048 1655 quan·

8 1749 9 1752 Ἴ
47 1654 183 1754 squidem
204 1660 292 1729 haec
313 1678 445 1756 qnoque
464 1660 612 1755 expertia
630 1649 705 1727 sunt
719 1660 883 1755 prauitatis
900 1660 976 1728 Deo
998 1661 1047 1729 in·

29 1753 102 1829 uisae
147 1761 328 1829 Caeterum
344 1761 525 1829 mixtorum
541 1760 685 1838 creatio,
709 1761 828 1853 partim
844 1774 911 1826 erat
926 1761 957 1827 ei
971 1781 1047 1855 pro·

30 1862 91 1954 pria,
110 1860 228 1954 partim
247 1860 435 1954 impropria.
485 1860 618 1955 Propria
640 1874 774 1954 propter
794 1851 973 1928 admixtam
999 1860 1047 1931 eis

30 1955 179 2027 meliorem
201 1953 335 2029 ideam:
359 1960 540 2055 impropria
561 1981 659 2038 vero,
693 1973 828 2053 propter
847 1960 1046 2030 contrariam

30 2076 55 2126 et
67 2053 266 2129 deteriorem.
316 2057 545 2156 Quamobrem
561 2052 603 2143 de
616 2051 685 2127 sola
705 2057 851 2127 hominis
864 2061 1048 2153 generatio·

29 2151 220 2255 rescriptum
238 2156 305 2229 est:
328 2156 432 2227 Dixit
445 2156 551 2239 Deus,
574 2158 743 2226 Facimmrs
758 2157 930 2229 huminem:
955 2151 1054 2255 quod<

31 2252 126 2328 iudicat
148 2251 329 2355 assumptos
352 2254 434 2327 alios
461 2272 618 2356 tanquam
636 2274 883 2353 cooperatores:
918 2274 953 2328 vt
969 2260 1048 2328 ine·
1099 2312 1101 2317 .

31 2353 236 2455 prehenfibiles
262 2376 331 2429 tam
351 2354 532 2441 voluntates
550 2379 651 2456 quam
673 2358 818 2427 actiones
837 2360 983 2429 hominis
997 2381 1048 2428 re·

32 2452 109 2528 dese
123 2462 266 2555 gerentis
291 2472 461 2553 acceptum
483 2450 630 2528 ferantur
648 2459 726 2528 Deo
743 2459 862 2529 rediori
873 2461 1049 2531 omnium:

32 2562 182 2627 cotrariae
198 2584 281 2630 vero
292 2557 362 2630 aliis
375 2552 434 2651 ipsu
447 2550 578 2627 subditis
593 2583 603 2627 ε
627 2556 798 2654 oportebat
813 2560 905 2629 enim
920 2574 1049 2654 patrem

32 2681 86 2728 uou
106 2652 165 2729 use
179 2655 313 2732 causam
327 2653 493 2730 malorum
513 2651 576 2729 suis
591 2652 689 2727 filiis:
725 2653 855 2729 malum
873 2676 984 2729 autem
1001 2654 1049 2731 est

916 2776 1047 2841 vitrum,

62 2915 136 2974 quam
151 2915 189 2959 cx
203 2896 341 2959 doctrina
359 2897 515 2959 Platonica
531 2896 562 2991 in
578 2894 639 2957 hoc
661 2898 734 2960 loco
758 2898 857 2977 loqui.
897 2900 947 2962 sic
967 2900 1048 2962 enim
1112 2956 1123 2985 ,

61 2991 134 3055 Plato
150 2996 181 3055 in
192 2994 338 3068 Timaeo,
354 3012 386 3069 p.
403 2996 454 3069 69.
489 3008 547 3072 stup
570 2975 636 3053 adv
657 2978 719 3076 psit
742 2977 841 3058 θείων
865 2972 971 3058 ducis
993 2982 1049 3073 'ys'-

60 3104 139 3191 rcfcq
157 3066 354 3198 impertieris,
378 3072 443 3151 coit
463 3065 498 3152 dd
517 3074 647 3164 &saraia
669 3068 728 3166 crit
741 3082 869 3173 γένεσιν
883 3090 956 3166 τοῖς
971 3084 1049 3157 inu·

59 3202 96 3251 ra
109 3203 295 3273 νεννημασι
308 3166 502 3275 dnpteppciv
517 3170 725 3279 προσέταξε.
764 3198 870 3257 Obiter
880 3198 1048 3258 notandum

63 3292 150 3349 patres
168 3280 315 3355 ‚antiquos
343 3277 457 3344 huncce
477 3279 578 3344 locum
603 3280 751 3341 adduxisse
778 3280 813 3339 ad
834 3280 1047 3341 'stabiliendum

62 3362 105 3420 st.
122 3362 263 3421 trinitatis
281 3363 401 3438 dogma,
421 3376 589 3435 cumpater
604 3362 699 3423 fitium
719 3362 945 3435 eripuimus.
967 3362 1050 3421 ailo-¹

64 3443 107 3517 qui
125 3445 288 3515 videretur,
338 3443 389 3503 Sic
415 3445 494 3503 euim
515 3444 662 3521 Origenes
689 3458 796 3508 contra
815 3444 893 3505 Cels.
915 3446 984 3503 libr.
1005 3444 1045 3511 V,

64 3541 89 3597 p·
105 3538 171 3599 257.
209 3524 278 3587 lust.
293 3526 421 3603 Mamm.
438 3526 518 3587 Dial.
536 3544 563 3587 c.
577 3524 696 3605 Tryph.
726 3524 930 3598 theophini,
954 3520 995 3587 ΙΙ.
1007 3524 1048 3587 ad

65 3606 195 3684 Autolyc.
237 3606 369 3669 Tertull.
388 3608 542 3668 deauima.
585 3606 664 3669 Iren.
682 3609 779 3671 Praef.
797 3611 834 3667 ad
846 3608 882 3669 L.
895 3607 948 3667 IV.
983 3605 1046 3667 Eu·

64 3686 115 3747 seb.
134 3689 216 3752 Ecci.
236 3688 314 3751 Hist.
342 3689 378 3749 L.
392 3684 417 3751 I.
442 3708 470 3751 c.
486 3706 516 3750 a.
558 3688 751 3753 Theodoret.
771 3689 816 3769 Q,
836 3705 884 3766 19.
910 3690 941 3749 in
964 3684 1043 3750 Gen.

66 3768 138 3831 taut.
157 3772 242 3833 hom.
266 3774 316 3833 lx.
336 3772 517 3843 iuhexaem,
549 3772 678 3849 Gregor.
696 3772 778 3851 Nyss,
799 3773 884 3835 Orat.
905 3770 1042 3831 iuiuud:
1084 3792 1086 3811 1
1212 3728 1215 3737 Ι

60 3848 201 3927 summus
215 3850 294 3916 hom.
336 3853 473 3915 Ambros.
491 3856 522 3914 in
534 3852 678 3915 Hexaem.
703 3856 740 3916 L.
760 3852 813 3913 Vl.
832 3872 860 3915 c.
879 3870 909 3929 7.
952 3853 1047 3915 Seve-¹

67 3936 130 3996 rim.
141 3939 246 4005 Gabai.
260 3939 344 4001 Orat.
362 3954 390 4013 3.
433 3938 556 4015 August.
572 3937 611 3997 de
622 3940 683 4003 civ.
702 3938 760 4002 Dei
774 3934 809 4000 L.
821 3936 904 4017 XVI,
926 3952 954 4003 c.
970 3936 1002 4001 6·

40 4008 68 4093 i)
85 4022 214 4083 ²rtieuius
228 4023 363 4126 ineditis
381 4020 470 4082 deest.
512 4015 547 4078 P.

81 4178 336 4249 Tam.I.-‘
445 4182 486 4203 '·
554 4164 643 4238 θ’.

28 1449 139 1630 ffidern
153 1452 274 1554 persei
297 1452 369 1527 sum
384 1451 492 1528 solum
505 1452 646 1540 faceret,
671 1461 792 1555 quippe
810 1453 868 1527 fibi
889 1477 1063 1556 cognatae

1063 4144 1077 4185 Ι
