2609 4817
228 276 383 347 euers
420 232 869 349 nuueuottmnvn't.
997 292 1064 367 1⁴5

47 465 119 521 cem,
139 438 362 540 gignendique
380 446 467 513 vim:
494 468 573 511 nam
596 443 658 511 hae
677 434 857 511 secundum
871 436 986 510 locum
1007 438 1065 510 ob·

46 549 141 613 tinent.
207 548 239 613 A
259 568 328 640 quo
350 547 447 639 igitur
472 544 533 612 hae
556 564 688 639 quoque
711 536 924 637 inspirantur?
951 533 1065 610 dubio

45 638 306 745 proculamente.
338 639 507 744 Qidquid
520 647 610 711 enim
621 640 1064 736 haecac'cipitaDeo,·ratio.

45 749 86 813 nis
107 748 222 836 experti
244 747 374 813 animae
389 746 472 839 parti
492 744 733 813 communicat:
765 765 832 837 quo
851 738 889 810 fit
910 757 945 810 vt
969 762 1065 809 mens

45 846 188 911 animetur
199 868 217 909 a
227 842 317 924 Deo,
341 868 413 939 pars
426 845 557 912 rationis
574 865 714 937 expersa
729 862 850 911 mente.
899 836 957 910 Est
971 842 1065 909 enim

45 930 123 1011 mens
136 960 292 1037 tanquam
310 945 401 1013 Deus
420 946 518 1037 partis
540 940 682 1023 brutae,
697 946 734 1010 et'
744 936 820 1010 ideo
835 932 969 1011 Molem
983 962 1065 1037 quo·

44 1065 96 1138 que
126 1034 281 1135 scriptura
316 1067 386 1112 non
417 1060 568 1136 grauatus
598 1039 705 1109 Deum
733 1040 917 1127 Pharaonis
947 1033 1067 1117 dicere,

43 1147 117 1213 Nam
130 1164 212 1237 quae
228 1138 314 1210 fiunt
325 1143 444 1237 partim
459 1142 560 1210 aDeo
578 1157 610 1209 et
618 1162 677 1235 per
689 1134 795 1235 ipsum
809 1138 904 1226 fiunt,
919 1134 1081 1210 alianon·
1124 1208 1126 1218 .
1167 1136 1170 1141 Δ

41 1243 154 1321 aDeo,
176 1232 234 1309 sed
279 1264 316 1310 er
328 1243 463 1328 Deum3
483 1242 612 1335 optima
632 1261 712 1307 vero
735 1257 809 1323 tum
835 1242 968 1321 aDe0,
993 1257 1067 1310 tum
1176 1278 1180 1285 ·

43 1366 91 1439 per
107 1343 217 1409 Deum
239 1264 328 1411 ricta
349 1334 440 1415 sunt:
477 1363 617 1435 pergens
646 1341 745 1434 igitur
765 1334 861 1420 dicit,
892 1337 1066 1437 Plantaait

42 1440 120 1514 Das
139 1439 345 1535 paradisum:
370 1443 455 1509 inter
479 1464 517 1508 ea
536 1464 630 1507 mens
652 1431 806 1509 censetur.
870 1438 965 1507 Bruta
986 1462 1067 1507 veru
1132 1486 1137 1497 ·

42 1566 101 1638 pars
113 1566 130 1608 a
144 1543 222 1609 Deo
239 1534 375 1637 quidem
398 1533 483 1609 faeta
496 1537 553 1621 est,
577 1562 649 1608 non
666 1556 775 1612 autem
792 1559 851 1633 per
865 1536 990 1619 Deum,
1009 1531 1067 1607 sed

43 1666 91 1737 per
114 1637 307 1736 rationalem
329 1657 456 1738 partem
478 1621 717 1736 praefidentem
749 1654 1006 1734 regnantemque
1030 1640 1069 1709 in

43 1744 144 1810 anima
192 1740 329 1809 Flatum
355 1764 434 1810 vero
459 1764 530 1809 non
543 1732 692 1835 spiritum
712 1732 810 1818 dixit,
836 1731 925 1835 quali
943 1732 1066 1807 interfit
1139 1817 1143 1823 ,
1178 1808 1183 1815 ,

40 1834 156 1938 aliquid.
205 1843 298 1911 Nam
319 1843 355 1909 in
378 1834 488 1937 spiritu
509 1836 723 1934 intelligimus
747 1835 869 1919 robur,
901 1854 1065 1921 tenorem,

44 1940 160 2010 etvim:
192 1935 289 2011 flatus
309 1957 464 2037 tanquam
488 1963 564 2008 aura
588 1935 750 2035 quaedam
772 1933 818 2007 est
844 1954 877 2007 et
904 1934 1065 2017 exhalatio

41 2038 109 2111 lenis
131 2064 170 2109 ae
183 2033 301 2110 sedata.
328 2109 331 2114 ,
378 2039 585 2135 Qapropter
611 2062 706 2109 mens
729 2031 815 2107 fabia
835 2032 876 2107 ad
897 2033 1007 2107 ideam
1034 2053 1069 2109 et

42 2142 232 2236 imaginem,
255 2134 321 2209 dici
337 2138 444 2235 potest
457 2132 582 2233 spiritus
605 2132 669 2208 ess'e
696 2140 866 2233 particeps,
890 2140 960 2206 vim
974 2139 1067 2217 enim

43 2234 189 2337 quandam
206 2238 306 2310 habet
324 2241 398 2323 eius
417 2242 636 2327 ratiocinati03
660 2262 742 2337 quae
770 2234 847 2307 uero
869 2260 908 2307 ex
931 2238 1066 2312 materia
1144 2260 1155 2277 '¹

41 2358 99 2408 ona
119 2337 180 2421 est,
206 2342 314 2411 tenuis
337 2358 370 2409 et
392 2334 571 2409 leuilltmae
593 2363 690 2409 aurae
704 2339 881 2435 particeps,
905 2332 995 2433 quali
1010 2358 1066 2407 cu·
1154 2326 1156 2333 ⁴

41 2434 151 2509 iusdam
169 2434 368 2520 effluxionis,
395 2436 499 2537 qualis
518 2436 555 2509 fit
569 2462 610 2509 ex
631 2435 847 2509 aromatibus:
873 2460 955 2532 quae
972 2430 1066 2509 aileu

41 2559 101 2610 uata
120 2538 173 2610 vel
184 2534 258 2611 fine
272 2532 393 2621 suffitu,
415 2542 569 2611 emittunt
579 2535 747 2640 quandam
758 2531 978 2633 fragrantiam.

100 2836 147 2906 Et
158 2835 328 2927 plantauit
344 2834 440 2909 Deus
459 2835 641 2931 paradisttm
664 2837 699 2905 in
720 2834 821 2907 Edam
847 2836 891 2905 ad
903 2836 1065 2917 orientem,

39 2949 64 3003 tt
72 2934 172 3031 priserit
187 2939 232 3007 ihi
244 2936 394 3007 bominem
413 2935 669 3032 qramfinxerat.
719 2938 877 3007 Diuinam
903 2953 935 3005 et
958 2932 1066 3005 coele·

40 3032 109 3107 {iem
133 3034 227 3107 illam
245 3030 434 3133 sapientiam
456 3040 642 3107 nominauit
665 3034 776 3106 multis
799 3034 1007 3117 nominibus,
1033 3054 1066 3105 et

41 3140 126 3207 varias
148 3133 384 3233 appellationes
410 3162 485 3207 eam
507 3134 627 3208 habere
648 3131 867 3216 ostendunt
882 3160 982 3232 quarn
1004 3138 1065 3205 ini·

40 3240 110 3307 tium
124 3256 155 3307 et
173 3237 357 3334 imaginem
379 3256 413 3307 et
432 3233 593 3306 vibonem
614 3239 681 3307 Dei
697 3237 844 3305 uocauit:
882 3260 971 3305 nunc
995 3238 1065 3305 eius

39 3355 179 3433 tanquam
194 3334 388 3433 exemplaris
410 3332 672 3419 imitamentum,
683 3355 859 3405 terrenam
875 3328 1065 3432 sapientiam

40 3437 154 3508 exhibet
178 3462 240 3535 per
254 3432 390 3531 paradifi
407 3434 652 3532 plantationem.
701 3430 791 3509 Absit
812 3442 904 3504 enim
913 3454 960 3505 ut
978 3452 1065 3507 tanta

23 3540 176 3629 ⁴anismam
191 3534 342 3623 nostrum
355 3532 487 3609 inuadat
498 3539 659 3632 impietas,
678 3552 711 3607 vt
724 3528 1065 3633 supponamusDeum
1143 3534 1149 3546 “
1181 3600 1187 3616 x

877 3688 879 3693 2
971 3631 1068 3732 plan.

40 3785 70 3868 ι)
86 3791 122 3852 fic
141 3792 230 3855 MSS.
248 3805 283 3854 vt
299 3807 329 3855 et
347 3806 448 3856 textus
469 3773 534 3853 τὸν
555 3771 580 3853 o'.
597 3761 693 3853 u‘u'ru-
705 3772 843 3863 {butten
972 3832 974 3836 -

40 3872 149 4034 wspripp
157 3865 373 4041 ’ζὲιέἰηῗείανᾶ
393 3894 482 3955 MSS.
500 3894 595 4017 ‘Mem
622 3906 653 3952 et
673 3893 761 4009 Tria.
789 3862 984 3977 μετοῖξσων.
1022 3890 1064 3953 Et
1119 3998 1121 4003 Ι

40 4064 62 4143 i)
78 4048 250 4156 ἡμέτερον]
283 4075 350 4143 MS·
369 4076 455 4144 Med.
476 4049 687 4240 ἐνθεάζων
762 4136 765 4143 ,

86 4175 214 4247 Tenl.
