2609 4817
243 264 822 351 nnnvunrortrrcro
898 292 903 315 ›
967 238 1056 369 ἠ
1154 268 1164 277 ·

41 438 112 533 pinu
125 435 206 504 nunc
225 433 312 523 iuxta
331 428 548 533 fignificatnm
563 435 740 535 temporis,
764 434 966 507 conveniens
979 425 1055 508 lbe-

41 528 113 608 ritid
128 528 295 629 fignificari
311 538 397 625 juxta
415 545 606 621 numerum,
630 538 736 609 uthae
752 560 862 619 voces,
888 559 929 605 tn
950 558 1052 606 eum·

41 656 119 703 cnro
138 654 255 716 reem,
279 631 371 705 idem
386 634 514 713 ualeant
532 630 622 734 quod
641 658 793 707 enernr
815 624 893 707 fecit
908 630 1056 713 coelum,

39 730 82 804 Ell
94 732 172 802 enim
185 731 298 803 reu'era
316 730 570 806 consentaneum
588 736 723 819 rationi,
746 739 893 833 primurn
902 736 938 805 in
952 755 1058 832 genes

37 834 139 905 tatione
154 828 234 901 illud
252 830 452 929 prouenille,
476 859 553 907 cum
567 830 606 907 stt
617 830 923 933 praeliantillimum
944 858 984 905 ex
1001 835 1053 907 hie

55 955 102 1001 uae
114 920 191 1001 falla
203 926 278 1004 sunt
312 952 345 1004 et
361 959 380 1003 e
394 931 560 1033 purilluna
578 930 704 1006 constet
717 928 867 1007 essentia:
914 934 1053 1007 uoniam

55 1055 152 1101 eorum
173 1036 420 1126 apparentium,
454 1053 486 1105 et
505 1027 610 1105 sensui
628 1034 831 1131 patentium,
856 958 1055 1109 debinatum

38 1129 72 1199 cll
85 1119 283 1199 domicilium
295 1126 551 1201 sacratilsnnum.
598 1136 690 1203 Nam
709 1126 734 1201 fi
747 1138 861 1217 omnia
874 1126 971 1205 l'nnul
980 1157 1055 1209 non

37 1222 135 1301 fecisset
147 1224 312 1312 conditor,
338 1233 447 1301 minus
467 1227 590 1303 ordinis
602 1224 711 1303 fuiffet
728 1235 764 1301 in
783 1230 878 1305 rebus
892 1252 968 1305 tam'
979 1228 1054 1329 pul·
1149 1316 1154 1327 ι

36 1332 95 1399 chre
111 1324 266 1398 conditis:
293 1353 356 1399 nec
374 1333 465 1401 enim
493 1326 540 1400 est
556 1334 734 1428 quicquam
788 1328 894 1403 ulchri
916 1336 1054 1403 incon·

36 1423 145 1500 bibone.
199 1422 297 1509 Ordo
320 1453 400 1501 vero
426 1426 473 1501 est
502 1424 599 1501 conse
623 1430 730 1502 nentia
753 1356 1052 1529 lenesque-rerum
1141 1448 1144 1455 ⁴

36 1522 277 1626 praecedentium
297 1546 329 1599 et
350 1522 574 1627 sequentium,
600 1456 712 1601 iinon
730 1522 798 1628 ipso
816 1554 937 1629 opere,
962 1548 1053 1603 certe

35 1621 148 1697 consiliis
161 1625 336 1725 opificum,
360 1622 405 1699 fic
422 1633 513 1701 enim
529 1625 640 1707 forent
661 1654 698 1701 ea
718 1649 823 1714 certa,
848 1648 993 1702 accurata
1017 1648 1052 1703 et
1105 1666 1108 1672 ·

37 1719 183 1797 inconfusa
234 1730 284 1797 Ita
307 1748 438 1801 ocante
462 1733 576 1801 omnia
603 1728 755 1802 conditor
779 1725 894 1802 fecite
920 1724 1054 1815 mundo

36 1822 202 1923 intelligibili
232 1751 370 1899 coblu'm
395 1829 631 1927 incorporeum
657 1849 690 1902 et
707 1850 827 1902 terram
842 1821 1055 1917 invilibilem,¹

37 1931 141 1997 erueris
158 1921 273 1996 ideam
296 1946 330 2016 et
351 1932 461 2001 vacui:
490 1932 581 2001 hunc
600 1934 727 2002 vocavit
741 1930 907 2013 tenebras,
933 1946 1049 2027 utpote
1161 2020 1163 2027 Ι

35 2044 132 2097 aurun:
161 2050 305 2097 vacuum
330 2052 409 2103 vero
431 2022 607 2121 abyll'umz
640 2025 931 2127 profundillcmum
954 2032 1051 2111 enim

36 2123 77 2210 eil,
96 2146 124 2198 et
142 2125 176 2194 in
194 2120 407 2200 *immensum
419 2148 552 2225 patens:
590 2124 744 2228 deinceps
769 2120 847 2201 fecit
871 2153 973 2229 aquae
999 2126 1050 2201 in·

36 2248 199 2323 corpoream
213 2208 405 2312 essentiam,
427 2232 573 2327 itemque
591 2222 736 2327 spiritus,
761 2225 902 2329 denique
927 2222 1051 2327 polire·

36 2323 203 2406 nunlucis,
228 2317 415 2422 septimam,
440 2352 543 2428 aeque
561 2332 638 2400 inco
679 2354 803 2416 orcam,
828 2348 860 2401 et
881 2324 1050 2425 exemplat
1148 2322 1151 2329 ’

35 2419 90 2499 solis
107 2422 327 2521 intelligibile,
351 2432 570 2527 omniumque
592 2354 762 2503 steffirum
787 2432 924 2529 quaein
948 2422 1052 2499 coelo

36 2520 110 2595 ellent
123 2521 292 2597 creandae.
367 2532 491 2601 Primae
509 2552 589 2600 vero
610 2532 721 2603 tribuit
742 2530 884 2629 Spiritui
895 2548 927 2601 et
954 2527 1050 2601 Luci'

35 2625 100 2699 bunc
116 2626 202 2696 enim
229 2628 417 2701 nominauit
440 2634 525 2713 Dei,
552 2632 628 2726 quia
648 2623 774 2729 spiritus
836 2632 983 2703 urimnn
1045 2702 1048 2709 .

36 2718 279 2811 rinnconferat,
304 2750 388 2826 quae
400 2728 441 2801 ab
455 2748 567 2802 autore
575 2732 652 2803 Deo
666 2727 754 2832 profi
776 2732 889 2805 'cium
921 2728 1052 2805 Lucem

326 2876 330 2890 .
508 2847 513 2857 '
968 2848 1052 2901 ἾΘῘΟ

60 3003 257 3071 nonnunquam
267 2995 403 3058 idearum
417 2994 595 3074 diuinarum,
617 3012 648 3060 et
666 2996 840 3079 angelorum
856 2994 979 3081 nomlne
992 2994 1049 3060 hae

64 3061 206 3171 δυνάμεις
228 3091 358 3169 insignit.
418 3090 465 3155 Vt
486 3091 615 3159 Iudaeus
646 3110 710 3156 non
733 3094 835 3171 potnit
860 3094 962 3168 plures
983 3104 1050 3153 vno

62 3177 203 3250 agnoscere
222 3176 331 3248 Deos,
354 3188 385 3235 et
410 3181 534 3252 proprie
551 3179 707 3256 loquendo
726 3192 787 3238 non
807 3176 858 3238 ulfi
877 3188 971 3236 vnum
991 3172 1049 3242 else

61 3256 142 3319 Deum
158 3258 267 3320 diserte
280 3259 393 3319 fatetm
405 3260 588 3324 de‘somniis
606 3274 718 3336 p.599.
738 3258 830 3337 (edit,
845 3250 969 3329 Franc.)
989 3252 1050 3317 Sed

60 3337 106 3399 Dei
117 3358 226 3401 nomen
243 3340 475 3417 aliis·tribuere,
497 3346 633 3421 adeoque
646 3345 702 3404 illo
722 3340 751 3403 ln
772 3357 897 3403 numero
913 3340 1051 3399 multitu·

61 3420 124 3483 linis
138 3426 180 3484 vti
191 3420 303 3485 taseffe
316 3423 485 3499 arbitratur,
498 3424 710 3501 praeeuntibus
718 3420 817 3497 Mose,
826 3420 926 3485 Exod.
936 3418 1006 3494 Vll,
1019 3436 1048 3481 1.

60 3500 167 3567 Denter.
179 3506 220 3580 X,
242 3518 294 3577 17.
318 3518 348 3565 et
369 3506 485 3567 Dauide
505 3506 550 3569 Ps.
569 3504 725 3580 cretXV,
743 3520 772 3567 2.
794 3522 828 3566 ac
843 3514 928 3565 tanto
942 3503 1051 3563 luben·

61 3588 110 3648 tius
122 3590 233 3661 vtitur,
257 3588 341 3664 quod
362 3586 518 3652 Platonem
536 3590 729 3663 Daemones,
748 3602 804 3663 per
822 3602 905 3665 quos¹
920 3588 953 3652 s.
967 3584 1049 3645 Scri-

62 3683 150 3741 pturae
166 3672 294 3749 angelos
308 3670 436 3749 intelligi
453 3672 579 3734 firmiter
597 3672 713 3744 credit,
751 3686 780 3731 et
802 3670 899 3747 stellas
914 3668 1052 3727 Deorum
1168 3751 1169 3757 ἵ

63 3766 137 3826 titulo
165 3782 276 3827 ornare
304 3766 428 3842 legerat.
469 3766 542 3831 Eius
571 3768 651 3828 enirn
673 3768 740 3829 sunt
765 3766 796 3827 in
820 3764 948 3837 Timaeo
968 3744 1050 3849 mei

64 3840 135 3921 bebo
153 3842 282 3947 ἐρατῶν
304 3876 362 3921 etc.
403 3862 506 3927 Bcuz.
735 3916 741 3925 .

160 3938 168 3965 b
307 3936 317 3961 Ι

36 3956 60 4039 ι)
76 3974 168 4047 πωροι
184 3977 216 4025 τ.
232 3979 257 4021 ν.
276 3971 391 4034 necne
409 3962 513 4025 desunt
527 3958 634 4020 Euseb.
652 3975 682 4022 et
697 3956 785 4023 MSS.
802 3956 900 4021 Coisl.
922 3973 952 4023 et
965 3958 1048 4023 Coll.
1146 3994 1149 4007 «

65 4047 134 4109 Nov.
153 4065 180 4109 et
195 4064 279 4110 certe
298 4046 391 4106 deleri
400 4043 487 4128 posse
506 4044 661 4131 videntur.
837 4116 844 4125 a

36 4134 190 4297 iiij?
212 4122 362 4228 ε’φήμισι
380 4139 598 4287 cnrinopu.Bet
616 4138 705 4207 uss.
724 4136 822 4203 conr.
844 4150 874 4199 et
890 4138 971 4215 nug.
1015 4146 1030 4233 j
