2609 4817
235 272 398 388 urors'
424 274 870 346 nrrreorranvrr.
897 286 905 307 ·‘
1004 275 1072 367 169

66 438 196 537 'cedetque
210 440 307 511 Deo:
324 454 410 534 „narn
427 460 458 510 et
477 436 541 538 ipsa
556 437 713 513 confellio
735 438 831 511 debet
848 437 991 537 intelligi·
1003 464 1074 509 non

65 541 170 614 initiae
185 545 283 637 opuS,
304 534 361 611 sed
374 532 460 622 Dei,
481 546 536 638 qui
558 568 632 612 eam
656 546 740 613 hanc
763 537 994 639 gratitudinem
1015 536 1074 609 do·

64 662 109 713 cet
149 644 275 736 Expers
290 645 388 738 igitur
410 645 563 716 materiae
580 638 673 713 Iudas
691 640 866 711 confitens:
898 632 1073 739 laboriosus

64 761 152 813 autern
178 735 317 811 Illachar
346 767 427 837 opus
447 742 543 811 habet
570 746 703 811 materia
736 766 910 837 corporea:
953 738 1075 835 alioqui

65 837 215 940 quomodo
231 839 367 910 ledlioni
386 837 473 911 dabit
492 864 627 937 operam
651 836 807 913 studiosus
822 842 942 935 pittutis
955 840 1089 934 absque·

65 939 168 1011 oculis?
197 947 257 1009 'aut
270 937 441 1036 quomodo
458 924 565 1011 audiet
577 937 744 1030 sermones
760 943 996 1015 exhortatorios¹
1007 938 1074 1035 alas-

65 1066 112 1139 que
129 1039 281 1109 auribus?
320 1059 373 1110 aut
399 1038 569 1135 quomodo
598 1041 710 1111 cibum
734 1060 915 1135 potumque
943 1043 1075 1135 attinget

63 1141 163 1237 absque
175 1159 287 1209 ventre
306 1159 338 1209 et
356 1141 450 1209 huius
469 1136 671 1225 curiositate?
703 1136 842 1238 ideoque
859 1134 1015 1207 similatur
1030 1136 1075 1207 la·
1161 1160 1166 1175 ‘

62 1237 123 1338 pidi.
172 1242 264 1340 Qin
276 1257 309 1309 et
323 1237 448 1310 colores
474 1264 590 1310 eorum
610 1234 785 1316 differunt:
810 1264 888 1309 nam
904 1241 980 1307 huic
996 1260 1082 1314 cona,

62 1340 148 1411 litenti
163 1344 319 1409 conuenit
340 1336 433 1409 color
450 1340 660 1411 carbunculi:
696 1344 722 1409 is
744 1343 834 1407 enim
859 1341 935 1407 Deo
960 1341 1074 1434 gratias

63 1464 163 1536 agenr,
185 1444 265 1535 igue
282 1434 428 1535 quodam
446 1436 651 1521 accenditur,
678 1458 709 1508 et
731 1439 906 1515 inebriatur
925 1437 1075 1527 ebrietate
1121 1508 1123 1516 ,

63 1535 184 1637 quadam
205 1533 325 1608 sobria:
361 1536 451 1608 alteri
474 1566 553 1609 vero
579 1545 760 1610 etiamnum
782 1537 958 1619 laboranti,
983 1534 1076 1607 color
1108 1573 1112 1635 '.
1124 1604 1127 1609 ,
1246 1621 1248 1629 Ι

61 1634 161 1737 prafini
176 1634 310 1734 lapidis:
334 1636 457 1734 pallent
469 1645 558 1710 enim
574 1645 629 1737 qui
643 1635 674 1716 se
693 1658 843 1729 exercent
861 1662 937 1734 prae
952 1634 1074 1725 labore,
1160 1697 1165 1726 ·.

63 1758 174 1834 etprae
194 1742 313 1807 timore
336 1734 484 1810 neforte
506 1736 547 1809 ad
568 1759 715 1837 optatum
738 1736 842 1807 linem
869 1763 938 1806 non
961 1732 1097 1833 petuo*

62 1843 144 1908 uiant.
218 1834 454 1937 Qaerendum
477 1859 586 1909 autem
618 1866 677 1910 cur
697 1834 765 1907 duo
794 1836 904 1918 fluuii,
943 1832 1077 1926 Phyt'on
1180 1842 1190 1850 ”

62 1942 222 2034 Geonque,
257 1942 407 2033 regiones
427 1936 582 2035 quasdam
604 1944 826 2021 circumeunt,
863 1934 942 2006 alter
956 1934 1075 2019 Euilat,

20 2059 21 2062 ’
61 2036 127 2107 alter
138 2040 358 2133 Aethiopiam,
385 2037 546 2135 ereliquis
567 2064 644 2109 vero
669 2057 798 2109 neuter:
829 2031 883 2105 sed
897 2039 1009 2133 Tigris
1028 2033 1074 2106 di·
1169 2036 1171 2043 ’

61 2143 128 2207 citur
148 2162 258 2209 meare
271 2156 392 2208 ‘contra
413 2132 577 2229 AllvriOS,
610 2142 789 2235 Euphrates
814 2154 925 2205 contra
949 2133 1074 2207 nullos:
1168 2146 1171 2155 '

60 2241 133 2334 atqui
159 2263 194 2306 re
219 2230 285 2333 ipsa
307 2241 506 2335 Euphrates,
538 2258 569 2307 et
585 2235 781 2309 circumlluit
794 2232 948 2333 quasdam
971 2238 1075 2333 regio·
1162 2266 1168 2303 t
1278 2286 1287 2311 t

60 2363 125 2419 uer,
148 2356 179 2407 et
201 2361 241 2406 ex
261 2332 396 2407 aduerso
417 2334 487 2409 litas
509 2338 605 2407 habet
619 2336 745 2409 multas.
796 2342 922 2407 Verum
945 2336 1076 2406 non'xlit

60 2440 104 2507 hic·
119 2430 221 2506 senno
246 2433 287 2505 de
308 2435 430 2519 fluui0,
452 2433 514 2530 'sed
532 2434 735 2516 demorum
755 2438 968 2507 correctione.
1017 2439 1075 2507 Di·

61 2533 187 2626 cendum
203 2540 300 2633 igitur
313 2532 520 2633 prudentiam
536 2533 826 2635 fortitudinemque
835 2531 925 2633 polle
941 2562 1075 2607 murum
1101 2553 1108 2565 ”

61 2657 86 2706 et
97 2634 212 2706 vallum
232 2632 380 2707 aduersus
398 2643 556 2718 contraria
571 2642 797 2735 vitiaerigere,
821 2632 1076 2733 imprudentiam

16 2789 17 2792 ,
60 2732 327 2832 timiditatemqueJ
348 2762 464 2834 easque
486 2756 690 2834 expugnare:
721 2737 871 2809 infirmae
895 2741 985 2805 enim
1004 2731 1077 2806 sunt

61 2856 86 2905 et
104 2830 191 2904 facile
215 2863 250 2905 ca
276 2839 401 2919 iuntur,
436 2863 515 2907 nam
526 2834 716 2934 imprudens
735 2862 805 2907 non
822 2862 916 2933 aegre
932 2840 967 2905 in
984 2855 1076 2931 pote·
1112 2866 1113 2871 ¹
1149 2832 1151 2839 ’

60 2935 158 3005 llatem
181 2862 347 3031 prodentis
369 2934 546 3035 redigitur,
571 2935 704 3010 timidus
723 2933 837 3008 itidem
860 2942 895 3006 in
908 2930 1017 3005 fortis:
1044 2948 1087 3005 at'

16 3063 17 3066 ¹
61 3040 256 3131 temperantia
281 3062 352 3105 non
375 3034 460 3106 valet
485 3032 779 3134 concupiscentiam
811 3024 1077 3133 voluptatemque

16 3177 17 3180 =
62 3160 255 3231 oppugnare3
279 3160 393 3231 graues
410 3140 500 3206 enim
514 3132 587 3207 sunt
607 3132 805 3209 aduersariae
829 3162 892 3206 nec
911 3130 1005 3205 facile
1024 3158 1078 3205 ex·

60 3254 236 3332 pugnantur.
285 3240 367 3326 Non
388 3233 477 3307 vider
506 3234 561 3307 vel
587 3234 867 3335 temperatissimos
896 3232 1078 3307 necestitate

61 3333 189 3404 mortalis
212 3339 356 3431 corporis
381 3331 422 3405 ad
445 3338 533 3407 cibos
553 3362 591 3405 ae
606 3357 702 3433 potus
720 3334 825 3505 adigi,
849 3331 937 3405 vnde
958 3340 1076 3407 ventris

59 3432 221 3530 voluptates
239 3433 475 3507 conficiuntur?
499 3440 578 3508 Satis
591 3440 693 3533 igitur
706 3434 751 3506 est
781 3462 792 3505 ι
807 3432 963 3506 relillatur
981 3444 1077 3505 ac're·

60 3554 205 3631 pugnetur
218 3530 496 3632 concupiscentiae
509 3540 545 3607 in
559 3530 696 3633 genere.¹
740 3540 947 3637 Qapropter
965 3554 1078 3604 contra
1141 3596 1144 3605 ,
1195 3524 1197 3540 '

431 3716 434 3723 Δ
542 3639 616 3727 [5
981 3629 1079 3747 Alf?
1129 3658 1131 3677 ²

64 3830 407 3939 a)s1cMSS.pro⁴9325.
483 3840 538 3928 ’ρ
659 3833 745 3908 ‚³⁰
846 3830 848 3837 Ι
936 3922 940 3933 ,

62 3954 93 4027 b)
112 3937 254 4056 ποταμοὶ
274 3948 353 4017 deest
373 3962 450 4033 apud
466 3960 650 4040 naugerum,
671 3960 785 4026 seruaui
796 3976 872 4041 uero
890 3956 1019 4023 exEdit.
1040 3959 1076 4021 Ρ.

64 4050 91 4123 c)
111 4046 219 4132 φασων
241 4052 321 4114 deest
333 4058 363 4115 in
376 4058 473 4121 Editis
496 4060 528 4127 P.
696 4115 699 4126 ,

64 4153 95 4227 d)
116 4156 149 4215 fic
162 4174 215 4230 pro
238 4127 378 4235 divam
398 4158 463 4221 Ms.
483 4155 567 4221 Med.
630 4147 633 4153 ’
