2609 4817
261 260 331 369 or
364 260 551 335 arvum
582 230 854 337 orrrrcro:
884 223 902 263 '³
984 210 1060 353 Δγε
1120 250 1124 259 ’

43 418 143 502 &aior
155 420 789 529 ttransrxtumsupraqriinqaagtfimum‚
813 429 858 499 ad
867 424 1063 525 adsiessrpti«
1139 440 1144 449 “

42 555 124 603 mm.
171 528 332 624 Quicquid
350 554 427 601 vtro
444 530 582 620 deinceps
584 528 753 625 sequitur,
776 528 1062 625 adseninmupcrtt-

42 643 96 703 tut.
146 626 232 700 Illud
276 653 386 726 noque
407 626 448 699 ad
495 626 670 701 ectdiarem
695 624 865 727 septenarii
890 654 1061 701 commen·

42 727 195 820 dationem
215 655 367 812 assem,
399 654 493 827 quod
510 732 634 799 mirum
656 729 771 807 habeat
789 733 825 799 in
848 748 959 802 natura
975 726 1061 800 ordi·
1111 759 1114 765 ·

43 854 120 912 nem,
142 827 292 901 constans
314 852 355 901 ex
379 828 477 900 tribus
497 848 529 899 et
550 847 697 925 quatuor.
746 832 902 901 Tertium
926 825 1062 929 quidem

39 930 196 1000 abvnitate
215 925 332 1027 siquis
353 926 514 1027 duplicet,
538 932 684 999 inueniet
707 925 908 1026 quadratum.
958 920 1076 1030 Qrar?

41 1046 102 1099 tum
113 1052 188 1099 uero
202 1029 341 1111 cubum,
364 1054 404 1101 ex
416 1050 551 1126 utroque
561 1046 672 1099 ortum
686 1024 915 1125 septenarium,
939 1021 1077 1101 cubum

41 1125 123 1197 fimus
136 1146 167 1197 et
183 1124 390 1224 quadratum.
439 1133 549 1227 ltaque
572 1127 611 1197 ab
631 1132 750 1200 unitate
770 1132 891 1213 tertius,
915 1130 951 1199 in
965 1126 1062 1227 dupli
1139 1138 1142 1143 ’

40 1232 148 1301 tatione
188 1224 339 1303 uadratus
357 1228 413 1299 est.
462 1234 708 1333 Qartusvem,
730 1223 850 1301 scilicet
863 1230 1061 1312 odbnarius,

41 1328 143 1415 cubum
165 1253 324 1425 septimus
346 1349 455 1402 autem
478 1324 638 1423 sexaginta
660 1346 816 1427 quatuor,
846 1328 945 1401 cubus
963 1323 1076 1403 sunus

42 1422 260 1525 etquadratus5
283 1433 327 1500 ita
341 1449 376 1501 vt
388 1433 529 1501 omnino
542 1423 705 1523 persedius
724 1421 762 1499 stt
776 1425 929 1527 septimus
945 1455 1061 1501 nume·
1139 1440 1144 1451 '

41 1552 94 1610 tut,
107 1520 224 1599 'ambas
244 1526 449 1627 aequalitates
466 1525 660 1626 significans,
684 1546 752 1599 tam
765 1528 897 1627 planam
914 1556 973 1627 per
984 1556 1061 1627 qua·

41 1624 169 1710 dotum,
192 1633 284 1699 iuxta
309 1633 465 1703 ternionis
495 1633 750 1724 cognationem:
768 1668 771 1679 ·
789 1656 889 1726 quam
921 1624 1060 1701 solidam

41 1752 88 1825 per
99 1728 217 1799 cubum
236 1734 326 1799 iuxta
348 1733 582 1827 cognationem
601 1754 701 1827 quam
726 1728 913 1801 habet-cum
935 1749 1060 1829 quater·

43 1831 132 1898 nione.
180 1832 234 1901 Ex
265 1833 415 1903 tentione
435 1847 544 1901 autem
565 1847 597 1899 et
621 1834 834 1927 quaternione
854 1828 893 1901 fit
917 1824 1060 1929 septena·

42 1952 99 1997 nus.
945 1992 950 2007 x

99 2024 151 2118 Est
174 2045 290 2097 autem
310 2050 382 2097 non
401 2020 509 2118 solum
525 2020 745 2124 persediiuus,
768 2022 821 2097 sed
838 2048 871 2099 vt
889 2028 989 2099 verbo
1011 2026 1060 2099 di·

42 2153 117 2210 cam,
140 2131 288 2198 maxime
305 2129 540 2209 harmonicus,
571 2146 605 2198 et
620 2123 871 2223 quodammodo
894 2123 969 2207 fons
988 2128 1059 2222 pul-

42 2231 173 2297 cherrimi
187 2223 445 2325 diagrammata,
469 2223 559 2325 q'uod
575 2252 693 2298 onmes
713 2230 917 2310 harmonias,
941 2216 1060 2301 scilicet
1145 2258 1153 2275 ¹

40 2323 238 2412 diatessaron,
263 2325 414 2424 diapente
431 2321 604 2424 diapason;
635 2352 753 2403 ornnes
776 2334 856 2399 item
899 2334 1059 2426 roportio·

42 2454 96 2511 nes,
116 2422 236 2498 scilicet
251 2432 507 2510 arithmeticam,
531 2429 767 2524 geometricam
787 2448 818 2499 et
838 2354 967 2525 insuper
986 2432 1060 2499 har-

41 2533 203 2610 monicam,
228 2534 384 2601 continet.
433 2532 463 2598 Is
482 2524 654 2598 laterculus
675 2526 798 2599 conflat
816 2554 856 2599 ex
876 2531 926 2599 his
942 2554 1059 2601 nume·
1138 2540 1142 2545 '

41 2634 82 2710 ris,
102 2622 163 2712 sex,
188 2630 282 2712 odio,
306 2654 453 2710 nouem,
477 2623 676 2698 duodecim:
702 2622 779 2701 odio
798 2624 932 2727 quidem
949 2626 990 2699 ad
1005 2624 1058 2699 sex

40 2732 145 2799 ratione
160 2724 372 2827 sesquitertia,
397 2752 479 2825 quae
495 2725 540 2799 est
555 2731 748 2798 harmoniae
762 2722 962 2816 diatessaron.
986 2732 1021 2802 N
1022 2756 1058 2799 0·
1076 2752 1077 2757 ¹
1138 2734 1140 2741 ’

41 2853 103 2901 uem
123 2855 203 2900 vero
228 2826 271 2900 ad
293 2824 346 2899 sex
368 2824 591 2927 sesquialtera,
630 2827 782 2925 quaeest
807 2825 967 2923 diapente.
1015 2834 1058 2902 At

41 2923 198 2999 duodecim
212 2925 254 3000 ad
273 2924 326 3001 sex
340 2934 463 3000 ratione
475 2924 585 3026 dupla,
609 2952 693 3024 quae
712 2926 757 2999 est
774 2922 935 3025 diapason.
968 2931 1059 3001 Con·

41 3034 104 3099 tinet
116 3049 227 3101 autem
251 3031 301 3120 (ut
319 3025 400 3119 dixi)
424 3032 522 3098 etiam
542 3034 772 3125 proportiones
797 3053 931 3114 omnes:
962 3031 1057 3097 arith·
1135 3038 1138 3045 ’

18 3130 174 3204 ,meritam
198 3125 335 3229 quidem
348 3131 391 3199 in
412 3131 462 3199 his
482 3132 646 3210 numeria,
668 3124 740 3213 sex,
766 3154 910 3211 nouem,
934 3122 1057 3198 duode·
1092 3134 1096 3160 '
1160 3194 1166 3211 ,

40 3232 109 3298 cim:
131 3226 213 3301 srcu't
228 3234 319 3301 enim
335 3223 464 3301 medior
482 3232 629 3327 primum
641 3228 740 3301 tribus
757 3224 903 3327 superat,
927 3232 969 3301 ia
984 3233 1057 3326 toti-

40 3324 103 3401 dem
124 3324 289 3427 superatur
318 3329 357 3399 ab
382 3327 510 3400 ultimo.
576 3332 821 3400 Geometrieam
843 3349 921 3401 vero
944 3354 983 3399 ex
1007 3330 1057 3399 hit

40 3448 158 3529 quatuor
174 3434 335 3514 numeris,
357 3422 559 3511 sedicem,
583 3430 683 3512 odio,
708 3453 844 3513 nouem,
869 3425 1055 3502 duodecim

982 3533 1055 3627 Qa

42 3706 62 3782 i)
77 3716 138 3774 vide
151 3733 252 3777 annon
272 3717 352 3776 deest
373 3684 422 3771 die
438 3683 496 3770 dui
507 3688 640 3769 πασόν·
679 3712 844 3773 Numerum
864 3712 942 3773 enirn
958 3710 1057 3785 septe«

72 3800 174 3858 narium
191 3800 264 3860 ideo
282 3800 490 3858 commendare
507 3797 646 3869 videtin,
676 3797 759 3871 quod
783 3812 820 3855 en
838 3809 967 3873 quatuor
986 3796 1054 3854 har-

71 3882 184 3954 moniis,
204 3883 300 3943 tribus
317 3898 390 3943 vero
405 3879 657 3954 proportionibus
676 3879 799 3939 constat.
835 3918 837 3926 ·

44 4005 71 4088 k)
87 4013 257 4092 Legendutn
268 4017 396 4090 videtur,
415 4004 452 4076 ἐκ
470 3993 536 4115 vdit
550 3988 738 4117 recederat,
757 4019 840 4113 qnpd
853 4033 883 4079 et
896 4002 1053 4095 interpreti

72 4114 166 4181 vnum.
207 4117 263 4177 stc
275 4116 349 4177 em
363 4116 452 4192 rnna,
473 4124 652 4207 apponant
669 4101 707 4176 ἐκ
728 4127 844 4200 των.-
