2609 4817
235 292 339 385 ‘nr
371 312 555 387 Mvuot
587 271 873 399 orirrc1o..·
1019 308 1070 405 'aa

53 474 139 560 solur,
158 478 311 576 priuatim
325 474 577 581 etpeculiariter
590 476 768 553 dimidium
791 484 889 553 totius
911 484 1070 579 temporie

52 575 163 650 sortims
178 577 236 663 est,
258 575 380 652 scilicet
401 577 679 679 diemz-reliquae
701 606 781 653 vero
808 604 929 661 ,omnes
957 576 1070 653 stellae

53 703 201 750 unacum
223 677 303 751 luna
325 678 478 759 alterum(
491 673 688 774 dimidium,
720 676 811 780 quod
839 699 992 755 vocaturn
1021 676 1069 752 est

53 801 127 849 nox:
147 774 251 849 'etillo
268 800 384 853 exorto
398 796 447 850 tot
466 776 575 849 stellae
594 780 678 878 quae
698 778 903 879 apparebant,
927 804 998 851 non
1010 779 1068 850 ob·

51 874 199 950 scurannrr
218 873 347 964 solum,
363 874 432 951 ·sed
450 874 644 952 euanescuut
670 884 768 951 etiarn
791 904 867 978 prae
895 874 1069 977 splendore

51 970 166 1059 diffluo,
188 976 263 1073 post
279 975 432 1051 occasum
444 1002 523 1048 vero
539 983 620 1062 eius,
641 1005 708 1052 vno
722 1000 897 1052 momento
911 982 1071 1077 incipiunt

51 1074 194 1147 ostentare
214 1069 421 1177 suatspecies
441 1096 473 1148 et
513 1076 665 1149 ualitates,
716 1081 829 1151 raone
855 1074 934 1151 sunt'
947 1097 1070 1163 autern,

51 1170 148 1272 utipse
164 1180 229 1261 ait,
253 1202 326 1249 non
338 1170 447 1249 solum
473 1103 878 1251 ultramontanum
902 1183 938 1249 in
958 1197 1071 1261 terrae,

42 1270 95 1347 led
114 1278 209 1346 etiam
231 1297 268 1347 vt
288 1272 395 1350 futura
410 1273 687 1374 praefignifieent:
711 1296 765 1349 aut
782 1282 873 1349 enim
889 1296 1004 1350 exortu
1019 1302 1071 1349 ea·

50 1401 113 1447 rum
127 1371 286 1449 etoccasu
300 1372 368 1449 deli
414 1381 500 1457 ioue,
525 1396 580 1447 aut
596 1372 780 1448 emersione
799 1377 1072 1471 occultationeue,
1142 1468 1145 1473 Ι

51 1494 95 1547 aut
110 1474 176 1546 aliis
194 1496 353 1548 motuum
395 1472 580 1560 ifferentiin
604 1479 757 1548 homines
778 1474 821 1548 de
837 1472 953 1549 suturis
968 1480 1072 1549 conii·
1098 1544 1115 1568 Q,

51 1580 144 1657 ciunt,
168 1596 202 1646 et
214 1571 325 1672 praesa
349 1581 419 1647 iunt
433 1580 562 1672 copiam
584 1580 774 1675 inopiamue
791 1572 980 1662 frudluum·
995 1600 1072 1675 pro·

50 1694 170 1747 uentum
192 1673 249 1746 vel
269 1601 395 1774 pellem
415 1678 651 1765 annuentium,
674 1670 826 1749 serenum
851 1696 882 1748 et
905 1675 1071 1760 nubilum,

50 1772 300 1872 tranquillitatem
311 1780 391 1847 aeris
403 1794 436 1845 et
450 1771 609 1872 procellae
621 1795 819 1867 ventorum,
841 1774 1070 1867 inundationet

51 1895 76 1945 et
96 1874 248 1947 exilitates
271 1874 469 1957 fluminum,
504 1877 648 1972 quietem
665 1881 763 1951 maris
784 1897 816 1948 et
834 1874 1071 1974 tempestatem,

49 1974 266 2072 tempestatum
280 1980 361 2047 anni
375 1979 461 2046 vioes
474 1972 704 2071 praeposteras,
728 1973 810 2047 dum
826 1995 881 2049 aut
899 1974 997 2047 aestas
1009 1978 1072 2068 hy·

50 2078 165 2160 lerunt,
195 2096 254 2148 aut
274 2078 405 2166 hyems¹
418 2070 555 2156 aestuat,
589 2093 645 2145 aut
661 2100 724 2147 ver
743 2096 939 2171 autumnum
960 2070 1071 2159 refert,

51 2196 94 2247 aut
111 2194 224 2247 contra
249 2194 424 2248 autumnus
444 2144 579 2245 version
603 2180 806 2272 temperiem.
866 2180 938 2249 Nec
959 2170 1071 2247 desue-

50 2296 112 2347 ruut
126 2280 182 2374 qui
197 2272 446 2347 concuffionem
468 2291 570 2343 terrae
590 2292 787 2375 motumque
801 2300 840 2347 ex
857 2273 942 2347 coeli
964 2270 1071 2347 obser·

50 2379 166 2448 natione
189 2372 434 2473 praedicerent,
470 2370 595 2470 aliaque
615 2366 721 2461 inulta
742 2396 861 2449 euentu
879 2372 1072 2449 certiffimoe

50 2482 85 2547 ita
98 2495 128 2547 vt
140 2473 306 2547 reri'ffune
326 2472 453 2547 dietum
477 2467 526 2556 fit,
550 2476 584 2543 in
593 2475 692 2573 ſsgna
713 2474 768 2571 rſji
779 2474 1005 2571 fallrrstrllas
1022 2488 1070 2545 at·

50 2601 96 2671 qur
111 2580 201 2645 ctiam
215 2580 251 2646 in
271 2589 437 2667 tempora:
459 2591 608 2669 tempora
624 2598 725 2671 porro
742 2573 784 2647 de
805 2578 942 2675 quatuor
955 2578 1070 2647 annuis

50 2675 279 2774 tempestatibus
306 2672 410 2746 intelli
433 2668 517 2743 enda
542 2668 623 2743 sunt
697 2672 739 2746 Et
761 2674 905 2775 quidni?
941 2694 1078 2772 tempus,

51 2782 128 2847 enirn
148 2773 242 2876 quod
264 2772 354 2846 aliud
371 2698 436 2845 ellge
450 2770 566 2869 potest,
590 2798 691 2869 quam
706 2793 834 2873 tempus
850 2782 895 2847 rei
914 2776 999 2847 bene
1015 2796 1072 2873 ge·

50 2875 178 2949 rendae?
201 2895 235 2947 at
253 2874 455 2973 tempestates
478 2876 555 2941 anni
571 2877 684 2969 omnia
702 2874 875 2973 perficiunt
901 2871 991 2967 etad
1014 2872 1072 2944 bo·

50 3003 121 3049 num
142 2996 303 3048 euentum
322 2972 521 3073 perducunt,
552 2965 690 3066 sationes
705 2994 743 3057 ‚et
764 2974 978 3073 plantationes
1004 2967 1072 3045 fru-

51 3075 173 3160 uuum,
198 3081 381 3175 genituras*
396 3094 428 3147 et
455 3075 657 3143 incrementa
682 3074 885 3147 animalium.
957 3075 1074 3147 Fadiae
1115 3146 1119 3153 ,
1166 3142 1169 3149 ,

49 3172 112 3250 lunt
131 3183 230 3259 etiam
248 3167 359 3247 stellae
376 3170 416 3245 ad
432 3165 598 3243 mensuras
613 3191 819 3274 temporum:
844 3202 923 3249 nam
936 3168 1011 3245 solis
1024 3169 1073 3245 lu·

50 3302 162 3377 uaeque
181 3294 217 3350 et
231 3276 374 3348 aliorum
387 3270 529 3345 fiderunt
551 3266 716 3359 recursus,
741 3272 808 3370 dies
824 3294 856 3348 et
877 3270 1002 3347 menses
1012 3298 1074 3359 nn·

552 3373 583 3442 C
611 3394 647 3459 3.
748 3418 751 3423 -
999 3396 1074 3445 nor·
1108 3406 1110 3413 >

53 3529 178 3611 q)forte
197 3488 320 3595 reicribi
343 3534 442 3607 potest
469 3503 690 3617 α’ὃηλοτὲςῳν.
736 3531 845 3593 Melius
870 3548 945 3591 vero
966 3532 1014 3592 vir
1033 3530 1074 3591 cl.

82 3625 309 3692 Ier.'-Marlrland
324 3628 435 3703 scribit,
456 3606 658 3712 οἶηθεςὲςων.
698 3629 786 3689 Certe
807 3627 842 3684 ad
871 3626 932 3686 loci
947 3614 1075 3701 ⁴scopum
1142 3629 1147 3635 '

85 3710 222 3789 optime..
248 3713 357 3789 Estque
381 3727 416 3771 ea
435 3732 498 3776 vox
514 3715 629 3813 saepius
655 3712 816 3813 aPhipone
837 3708 984 3783 tulupam.
1025 3710 1074 3769 Sic

84 3810 158 3873 infru
175 3827 207 3884 p.
219 3822 291 3887 4¹9·
314 3804 381 3886 (ed.
392 3806 521 3882 =Fano)
543 3794 654 3878 nullia
667 3790 712 3871 τέ
728 3820 889 3884 σωματος.
932 3800 980 3865 Ita
994 3806 1077 3893 enim

82 3906 168 3968 MSS.
179 3924 236 3981 pto
255 3884 414 3965 dno-92²9.
452 3899 539 3968 Idem
561 3910 614 3973 lib.
638 3911 707 3972 adv.
730 3895 782 3973 Fu
799 3924 828 3978 p·
850 3918 920 3981 534·
954 3900 1001 3982 (ει
1024 3899 1073 3973 ἢ)

84 4003 216 4101 Vndein
232 4007 315 4067 libro
335 4004 377 4103 de
392 4003 544 4100 lepatione
561 4023 593 4079 p.
615 4018 687 4082 579·
708 4004 758 4082 (e.
774 3998 833 4078 F.)
856 4022 914 4077 pro
934 3979 1078 4071 οἷληθὲε
1131 4058 1139 4076 ,

89 4112 190 4175 mne,
210 4120 328 4178 repono
349 4080 473 4169 otn985.

34 4192 80 4283 1¹)
100 4200 264 4266 addendum
284 4202 366 4266 forte
388 4176 523 4285 dalem.
625 4235 628 4241 ·
