2609 4817
233 288 393 391 ‚euers
427 282 870 379 nurnoonmnum.
974 306 1073 381 x22,

38 431 203 520 urdinem:
231 470 383 532 mentem
398 456 526 549 primo,
527 455 678 565 pirum,
705 444 960 545 antiquissimum
984 454 1075 523 enim

37 555 69 621 in
84 552 246 621 homine:
271 546 508 635 indefensum,
533 549 728 621 mulierem:
751 545 907 646 ¹deinceps
930 553 1076 634 renium

37 647 247 745 voluptatem.
316 650 488 722 Potestates
510 656 620 721 autem
642 646 715 721 sunt
738 644 883 750 ipsorum
908 669 940 719 ct
959 669 1075 723 aetates

38 743 221 822 differentes
246 747 590 848 cogitationesolum,
622 769 689 820 tem
715 766 771 820 ore
789 768 898 819 autem
916 748 1075 850 aequales.

38 853 149 923 Anima
163 855 260 919 enim
274 876 352 921 eum
369 842 465 948 seipsa
479 846 533 921 sua
546 847 643 921 srmul
657 776 751 946 aflPert
766 853 891 932 omnia,
915 848 1075 946 haecqui·

38 945 108 1018 dem
125 951 216 1033 aestu,
242 951 304 1021 alia
315 948 460 1049 potentia
473 947 641 1033 existendi,
665 949 742 1021 licet
752 945 794 1019 ad
807 948 911 1019 finem
921 948 1074 1021 nondum
1135 986 1138 991 ·

37 1044 91 1119 smt
105 1046 275 1143 perducta.
327 1056 544 1148 Comparatur
558 1070 668 1121 autem
684 1047 840 1146 voluptati
855 1044 983 1145 serpens
998 1076 1074 1147 pro·

36 1168 146 1244 pterea.
200 1148 390 1247 Implicatua
405 1156 525 1248 quippe
540 1170 572 1221 et
594 1155 698 1221 varius
713 1146 998 1247 quemadmodum
1011 1144 1073 1219 ser·

37 1252 134 1344 pertis
149 1267 288 1333 motus,
311 1255 355 1321 ita
376 1270 408 1321 et
425 1250 605 1348 voluptatis.
665 1244 937 1351 Qinquefariam
959 1246 1073 1321 videli-

36 1367 81 1416 cet
98 1352 251 1443 primum
272 1348 541 1447 circumplicatur.
605 1354 739 1422 Etenim
766 1358 826 1447 per
852 1344 955 1447 visum
978 1348 1107 1437 volu·¹
1169 1368 1172 1375 ’

35 1465 127 1544 ptates
142 1445 337 1533 consistunt,
361 1472 433 1521 tum
442 1477 501 1548 per
515 1446 664 1521 auditum
679 1470 711 1521 et
723 1448 853 1547 gustum
864 1468 895 1519 et
910 1443 1072 1521 olfaclum
1125 1478 1128 1484 ·

36 1549 203 1617 eructum
255 1552 338 1620 Sunt
350 1573 459 1621 autem
466 1552 726 1622 vehementiores
742 1570 773 1621 et
786 1546 901 1619 intensi
913 1574 1071 1619 cummu-

36 1643 158 1717 lieribus
174 1642 377 1747 congrellus‚
408 1677 469 1748 per
488 1677 570 1747 quos
588 1655 756 1747 generatio
771 1645 882 1719 fimilis
896 1648 1072 1746 perficitur.

36 1750 222 1843 Qinetiam
240 1774 312 1819 non
329 1770 463 1848 propter
483 1752 549 1821 hoe
570 1770 697 1822 tantum
717 1754 840 1820 variam
856 1745 994 1819 dicimus
1015 1770 1072 1818 vo·

34 1844 210 1940 luporem,
235 1845 324 1944 quod
352 1855 436 1919 circa
465 1854 577 1919 omnia
601 1847 795 1929 irrationalis
819 1853 917 1946 partis
942 1852 1072 1919 animae

36 1942 193 2015 voluiturz·
222 1943 277 2017 sed
301 1954 376 2046 quia
399 1954 482 2019 circa
502 1975 667 2048 quamque
686 1970 813 2046 partem
831 1947 993 2044 implicata
1016 1946 1071 2021 est.
1097 1997 1101 2005 -

36 2037 216 2115 Confestim
235 2072 295 2144 per
315 2043 419 2118 visum
441 2046 621 2145 voluptates
649 2049 734 2121 fiunt
757 2053 879 2129 variae,
912 2044 1072 2145 pingendi
1099 2100 1100 2103 κ

35 2167 76 2222 ars
90 2150 215 2233 omnis,
263 2146 391 2231 lallice,
416 2168 489 2219 tum
507 2147 569 2219 alia
590 2174 803 2247 quaecunque
824 2143 1003 2235 secundum
1022 2173 1070 2219 ar-

34 2260 74 2313 tes
90 2172 262 2315 artifieiod
280 2248 431 2343 opificia,
469 2243 573 2337 visum
599 2246 770 2326 deledlant.
820 2250 922 2318 Porro
947 2244 1070 2344 planta·

34 2368 102 2411 rum
120 2350 405 2439 germinantium,
428 2346 637 2432 florentium,
662 2344 807 2445 frthum
823 2345 991 2419 edentium
1007 2340 1069 2417 dif-

35 2436 195 2526 ferentiae,
219 2445 413 2517 animalium
430 2443 557 2519 formae
581 2443 785 2520 multifariae.
836 2446 992 2517 Similiter
1014 2473 1068 2517 au·

34 2538 130 2611 ditum
146 2544 224 2613 tibia
248 2544 401 2629 obleclat‚
427 2550 558 2628 cithara,
583 2567 686 2619 omne
705 2548 995 2626 irrllrumentorum
1012 2572 1069 2645 ge·
1159 2566 1162 2573 '

1 2717 2 2722 ἵ
34 2667 107 2727 nus,
132 2642 329 2715 animalium
349 2646 585 2741 irrationalium
606 2646 794 2721 modulatae
812 2672 931 2730 vocer,
955 2650 1068 2717 hirun·
1146 2698 1149 2711 r

34 2737 162 2825 diuum,
187 2738 418 2841 lusciniarum,
441 2746 648 2845 aliorumque
668 2748 857 2846 loquacium
873 2747 1067 2845 quibuscun-

34 2861 88 2936 que
102 2861 218 2911 natura
234 2864 369 2915 cantum
390 2843 500 2917 dedit:
527 2851 691 2943 euphonia
709 2845 992 2941 citharoedorumq
1010 2872 1066 2916 co-

33 2936 211 3025 moediam,
243 2942 447 3043 tragoediam
471 2937 814 3044 et'reliquamsartem
842 2946 1067 3021 histrionicam
1140 3010 1142 3029 s

33 3036 265 3113 ostentantium.
317 3043 408 3147 Qid
421 3050 533 3117 attinet
548 3044 589 3116 de
602 3051 721 3119 ventris
738 3035 954 3143 voluptatibus
968 3043 1065 3117 doce·
1151 3082 1153 3090 ,

32 3145 79 3207 re?
102 3135 175 3210 fere
184 3146 281 3228 enim
300 3165 381 3241 quot
401 3140 602 3216 differentiae
620 3144 693 3219 sunt
704 3142 936 3219 ‚subiectorum
949 3141 1065 3218 ,sueco-

32 3265 95 3307 rum
121 3239 251 3312 lenium
276 3263 309 3315 et
333 3240 485 3317 sensuum
509 3253 738 3330 mouentium,
772 3254 820 3318 t'ot
836 3242 908 3319 sunt
927 3257 959 3319 et
973 3245 1065 3317 volu·

31 3343 122 3433 pratis.
171 3344 299 3414 Annon
320 3348 419 3443 igitur
432 3350 551 3418 merito
573 3372 613 3420 ex
628 3351 722 3420 variis
738 3345 886 3419 conflans
905 3344 1064 3445 voluptas,

214 3458 221 3478 ·
295 3456 315 3487 s
973 3452 1063 3519 va'rio

30 3616 411 3751 wfflwdn

31 3826 59 3903 ll)
78 3806 137 3913 tad
153 3837 236 3900 deest
252 3840 283 3902 in
299 3833 399 3907 edi'tia.
438 3801 472 3904 l’a

31 4006 52 4088 i)
71 4020 175 4084 melias
191 4012 293 4086 forfait
315 3994 454 4101 0²75de
473 4035 531 4096 pm
551 3992 658 4097 ἷχλον
680 3998 761 4101 ixei
814 4028 815 4031 ’
