2609 4817
103 250 109 263 ’
232 288 304 409 pu
339 285 811 399 Mvunt'orrrrcro.
928 231 1043 389 '99

95 460 246 561 Qoniam
263 478 376 532 autem
401 462 511 534 omnic
526 458 611 531 bene
626 456 797 531 constituta
815 462 925 531 ciuitas
945 458 1045 535 habet

37 558 150 632 institutit
163 553 226 649 sua,
249 555 377 631 neceffe
392 579 459 630 erat
475 556 593 631 mundi
615 563 703 631 ciues
725 563 769 631 vti
792 558 942 633 institutis
963 586 1043 633 cum

37 683 91 733 toto
106 656 220 731 mundo
235 659 480 732 communibus
529 665 577 733 Ea
599 654 672 731 sunt
693 662 781 732 reeta
802 664 884 731 ratio
897 679 1043 747 naturae,

55 785 100 833 uae
119 764 192 831 ratio
213 765 319 859 magis
338 764 472 858 proprie
491 765 746 859 cognominatur
763 764 824 843 ius,
847 757 902 831 lex
919 757 1043 849 diuina,

37 788 109 933 luurn
124 861 232 957 cuique
256 865 302 932 ita
317 880 352 932 vt
368 857 504 932 debetur
528 880 560 933 et
574 866 732 932 conuenit
749 860 911 933 tribuens:
944 863 1042 945 huius

36 965 142 1033 ciuitatis
161 985 201 1029 ac
219 959 417 1059 peipublioee
435 960 605 1059 oportebat
622 954 686 1031 else
701 957 863 1061 quosdam
884 980 958 1032 ante
981 964 1043 1033 ho·

37 1065 138 1133 minem
157 1064 260 1144 ciues,
292 1065 351 1159 qui
365 1065 485 1132 merito
505 1057 570 1133 dici
590 1056 719 1159 pnlsent
734 1086 875 1159 magnae
888 1061 974 1133 vrbis
997 1066 1043 1133 ci·'

35 1188 95 1243 nes,
119 1156 308 1257 amplilsuna
342 1166 516 1258 pomoeria
544 1156 647 1233 sortiti
660 1156 702 1233 ad
735 1159 970 1245 habitandum,
1009 1181 1042 1235 et

36 1256 132 1358 ascripti
157 1264 192 1331 iu
216 1259 458 1359 rempublicam
487 1266 668 1333 maximam
689 1254 1042 1361 perfedlillunamque:

35 1366 136 1435 livero
146 1365 281 1459 quinam
296 1359 352 1432 alii
367 1359 487 1460 pollmt
501 1356 578 1445 effe,
601 1357 702 1461 qua‘m
718 1361 890 1437 rationales
909 1359 1042 1433 diuinae

36 1461 166 1545 murram.
191 1467 314 1561 partim
335 1458 556 1560 intelligibiles
577 1466 674 1533 incor
697 1485 880 1561 oreaeque,
921 1468 1042 1561 partim

36 1558 156 1633 nonsme
170 1561 381 1659 corporibus,
429 1562 517 1635 uales
533 1560 644 1635 stellae
665 1488 758 1634 dnn?
790 1588 867 1634 cum
889 1564 939 1635 his
961 1586 1042 1636 con·

12 1711 13 1716 κ
36 1659 148 1735 uiuendo
168 1681 200 1735 et
218 1588 467 1746 connascendo,
498 1658 714 1734 verisimiliter
741 1667 777 1733 in
799 1658 952 1735 felicitate
979 1661 1065 1736 sn·-

36 1760 160 1833 een'lbma
184 1758 335 1861 degebat.
397 1766 568 1860 Cognatus
592 1787 673 1834 vero
701 1788 780 1835 cum
806 1758 884 1835 elset
910 1780 942 1835 et
965 1789 1041 1863 pro·
1133 1818 1135 1831 .

12 1868 144 1969 vpinquus
160 1857 284 1934 summi
309 1866 395 1959 regis
421 1859 511 1960 quast
541 1866 621 1943 iarn,
635 1861 752 1960 plenus
774 1861 953 1963 largill'nno
979 1860 1041 1963 spi·
1175 1920 1178 1928 ,

12 2020 14 2026 ,
37 1968 81 2035 ritu
96 1959 219 2047 diuino,¹
251 1967 369 2037 omnia
384 1982 456 2050 tum
478 1959 679 2035 discretum
700 1957 807 2037 facere
831 1961 976 2037 studebat
999 1960 1042 2041 sd

12 2119 13 2122 ,
36 2062 157 2161 placitum
178 2067 278 2163 patris
301 2067 450 2161 regisque
476 2057 544 2147 lui,
582 2067 652 2135 eins
675 2063 814 2163 vestigiis
833 2061 979 2137 insistens
1005 2071 1042 2139 in

37 2169 91 2248 riis,
110 2188 181 2263 quas
200 2188 265 2237 ceu
330 2162 428 2235 blicas
441 2168 597 2235 muniunt
615 2167 766 2249 tinnites,
789 2190 850 2263 per
870 2191 949 2265 quas
963 2160 1040 2238 solis

12 2323 13 2328 ,
36 2264 168 2337 animabus
184 2258 235 2336 fas
260 2290 279 2335 e
326 2260 498 2346 incedere,
532 2288 617 2362 quae
631 2258 803 2351 summum
817 2264 1041 2339 bonumarbi·

36 2383 138 2449 mutu,
157 2357 231 2436 fieri
247 2366 393 2464 genitori
407 2367 486 2437 Deo
501 2359 633 2455 lirniles.

87 2562 178 2659 litque
203 2565 251 2634 ita
275 2565 377 2662 primi
399 2563 546 2633 hominis
569 2580 703 2661 utraque
733 2554 1042 2659 pulchritudo‘tain

34 2664 148 2757 corporis
159 2686 260 2759 quam
278 2666 420 2745 anianae,
445 2681 478 2733 et
496 2658 649 2735 fimulto
662 2654 747 2733 infin
762 2664 943 2747 veritatem,
973 2687 1041 2733 cer·
1060 2710 1064 2721 =

14 2760 229 2856 ,tepro'nostra
247 2762 345 2847 virili,
368 2781 529 2862 quantum
545 2760 618 2833 fieri
630 2780 769 2860 poterat,
793 2756 947 2832 dictaest.
979 2764 1041 2837 Po·
1137 2768 1145 2779 “

37 2860 124 2931 leiim
137 2882 246 2934 autem
264 2859 413 2935 eiusdem
426 2858 518 2933 ideae
531 2866 701 2962 particeps,
725 2855 1043 2956 netellatiotametfi

37 2956 168 3046 obscuras,
189 2957 298 3035 seruat
316 2983 429 3035 tamen
449 2959 557 3035 adhuc
581 2956 706 3035 formas
725 2966 931 3060 cognationis
955 2986 1041 3061 quae

37 3056 154 3133 libitum
168 3084 261 3161 patre
285 3061 345 3144 illo
364 3060 553 3152 intercedit}
577 3066 748 3135 cuiusnam
771 3086 851 3133 vero
870 3068 1040 3160 cognatio·
1112 3100 1116 3111 =

38 3164 86 3232 nis?
112 3167 212 3235 onmis
235 3168 344 3236 homo
372 3168 460 3237 iuxta
481 3180 631 3235 mentem
653 3160 770 3235 diuirto
789 3152 890 3233 uerbo
912 3161 958 3235 est
985 3188 1041 3234 co·
1155 3183 1157 3187 ’

38 3282 141 3357 genua,
174 3263 288 3339 beatae
321 3262 409 3337 illius
439 3284 573 3435 natugge
605 3258 752 3362 sigillum
781 3258 849 3333 saue
885 3262 1042 3361 particula

156 3411 160 3417 ·
573 3388 594 3437 a
946 3389 1043 3463 quae-

38 3539 60 3617 t)
76 3547 210 3708 lilim
230 3550 264 3611 in
279 3546 448 3611 Theaeteto
466 3568 500 3625 p.
523 3550 592 3624 176.
644 3548 741 3611 Clem.
759 3542 854 3610 AlexI
870 3546 983 3609 strom.
999 3540 1039 3627 ll.

64 3646 86 3701 p.
134 3648 162 3691 n.

38 3705 294 3784 t)s1cMss.Vat.
314 3714 394 3791 Aug.
413 3728 444 3776 et
461 3714 543 3777 Coll.
559 3714 645 3775 Nor.
668 3712 774 3790 quibus
790 3710 879 3770 etlam
891 3710 1042 3774 consentit
1169 3674 1172 3681 Δ

65 3806 260 3904 Cluiliophors.
281 3807 380 3884 (Editi
396 3823 426 3870 et
441 3809 520 3871 Cod.
539 3810 581 3872 A.
603 3796 729 3870 ἐκείνων
744 3793 991 3892 μετέχοντας.)

39 3900 60 3978 e)
75 3890 158 3965 salac
176 3908 242 3965 Ms.
261 3900 337 3963 Vat.

40 3997 64 4073 s)
77 4004 129 4067 us.
142 4005 222 4067 Men.
243 3972 423 4079 ἂιωσῶζαν.

40 4098 62 4172 e)
76 4100 128 4162 MS·
142 4104 223 4164 Med.
245 4078 470 4186 προπάτορα·
489 4106 580 4185 idque
602 4106 728 4170 'omnino
748 4108 846 4182 recte,
870 4106 907 4168 de
920 4104 1039 4167 Adana

67 4186 128 4247 enin
141 4188 325 4263 protoplasto
342 4188 448 4266 agitur.
627 4203 632 4212 ·
746 4218 749 4224 .
880 4202 910 4219 ·.
1002 4214 1005 4221 ,
