2609 4817
232 292 867 381 rrersnrrruonmuvm
988 312 1073 383 ,ης-

44 457 98 533 alia
112 462 286 532 nominans
305 482 339 532 et
352 456 656 561 comprehendens,
689 454 747 529 fibi
761 454 826 557 ipse
848 483 987 529 nomem
999 462 1086 529 non

32 563 183 654 imponit,
196 566 360 656 quoniam
373 558 512 660 seipsum
526 566 654 659 ignorat
671 580 883 657 naturamque
894 562 1071 656 propriam.

44 660 121 734 Huic
134 672 350 757 praeceptum
370 660 474 745 datur,
499 687 569 731 non
587 659 635 730 iili
653 654 741 731 fadio
762 656 805 729 ad
818 656 927 729 ideam
942 678 973 728 et
989 660 1070 728 ima·
1124 715 1125 721 ,

44 762 162 855 ginern:
186 786 271 829 narn
285 760 348 839 the.
358 761 411 832 ved
429 761 549 860 absque
563 762 692 831 hortatu
712 760 867 829 virtutem
881 782 939 854 per
954 753 986 827 se
1004 750 1071 854 ipse

44 854 158 928 didicit:
181 861 240 929 bic
253 862 333 931 citra
349 885 485 958 operam
504 860 719 959 praeceptoris
734 863 847 955 nequit
862 855 1071 955 prudentiam

32 952 193 1053 consequi.
246 960 384 1032 Interest
405 981 516 1033 autem
536 966 621 1030 inter
638 961 719 1029 haec
737 964 794 1031 tria
814 1012 824 1041 ,
848 975 1071 1056 praeceptum,

42 1054 254 1141 interdidbrm,
275 1080 308 1131 et
321 1063 506 1131 monitum:
540 1054 752 1141 mterdidtum
773 1054 812 1127 ad
830 1058 1072 1157 peccataperti·

43 1177 100 1239 net,
122 1176 153 1228 et
167 1152 270 1230 fit‘ved
282 1158 325 1230 ad
342 1185 485 1257 nequam
495 1161 687 1231 hominem:
712 1178 922 1256 praeceptum
933 1156 1072 1229 adredbe

42 1253 133 1329 satta:
147 1259 329 1330 monitum
347 1257 387 1329 ad
406 1256 556 1330 medium
573 1260 750 1341 hominem
766 1261 917 1355 pertinet,
942 1258 997 1357 qui
1015 1280 1072 1345 ne,-

44 1383 98 1455 que
118 1382 263 1453 nequam
284 1355 322 1430 fit
346 1369 453 1457 neque
474 1363 590 1430 virtute
616 1354 788 1455 praeditus.
838 1362 911 1430 Nec
924 1362 1013 1428 enim
1028 1351 1073 1429 fic
1108 1370 1110 1375 ’

43 1475 189 1555 peccatur
207 1456 384 1530 inoerdjtto
408 1460 525 1529 habeat
544 1477 642 1554 opus:
676 1481 783 1554 neque
805 1460 892 1538 redde
909 1454 1003 1543 facit,
1028 1462 1071 1528 ita

43 1578 71 1626 vt
86 1558 169 1627 retra
194 1558 281 1628 ratio
296 1562 471 1655 praecipit:
501 1551 556 1628 sed
573 1553 698 1654 indiget
718 1554 963 1643 admonitione,
989 1583 1071 1656 quae

43 1654 186 1726 abstinere
202 1682 222 1727 a
236 1663 344 1753 prauis
364 1654 498 1741 doceat,
529 1660 679 1728 hortetur
693 1680 771 1727 vero
791 1654 843 1727 nd,
853 1654 994 1729 studium
1013 1658 1075 1729 bow

42 1779 158 1826 norum.
210 1761 303 1853 Ergo
319 1760 449 1828 homini
464 1750 610 1854 persedio
625 1775 656 1827 et
667 1754 706 1826 ad
716 1758 897 1853 imaginem
913 1784 974 1829 neo
984 1754 1070 1829 iuffie

44 1882 93 1931 uec
106 1852 284 1927 interdidlis
295 1882 357 1927 nee
367 1859 501 1929 monitis
509 1882 590 1953 opus
606 1851 661 1927 est.
685 1850 849 1929 Perfedius
864 1862 954 1927 enim
964 1861 1070 1931 horno

44 1953 148 2025 nullius
162 1958 289 2025 horum
296 1954 427 2053 indiget.
453 1954 557 2027 malus
573 1975 683 2026 autem
695 1943 801 2027 homd
811 1958 883 2029 tum
897 1980 1072 2055 praecepto·

44 2075 103 2125 tum
128 2048 305 2127 interdidio
332 2049 465 2153 indiget.
521 2058 679 2154 lrnperito
704 2075 814 2128 autern
844 2054 1071 2129 admonitione

45 2150 247 2253 dodriuaque
268 2180 350 2251 opus
372 2155 430 2228 est
477 2149 772 2255 Quemadmodum
798 2150 945 2253 perfetio
963 2184 1070 2257 gram-

45 2258 149 2326 matico
171 2249 344 2326 musicoue
366 2253 464 2327 nuliis
477 2259 608 2341 ‚harum
630 2258 750 2327 artium
778 2261 958 2356 praeceptis
987 2284 1071 2357 opus

45 2352 97 2428 ed:
135 2357 165 2423 ei
192 2379 274 2426 vero
296 2358 352 2452 qui
373 2360 492 2427 harum
516 2359 635 2427 artium
658 2350 703 2426 est
725 2382 837 2455 expers
866 2354 955 2457 quadi
980 2359 1083 2457 leges¹

45 2450 191 2552 quaedam
222 2447 301 2527 india
333 2475 364 2528 et
388 2457 485 2525 vetita
511 2458 715 2537 continentes
750 2454 950 2530 adhibendae
981 2452 1071 2531 sunt:

46 2550 216 2625 admonitio
243 2580 323 2645 vero
347 2581 459 2627 recens
480 2556 516 2625 in
537 2550 740 2651 disciplinam
761 2552 886 2629 tradito.
943 2561 1074 2633 Merito
1115 2556 1118 2571 '

46 2658 128 2750 igitur
142 2673 294 2725 mentem
308 2675 495 2737 terrenam,
526 2679 588 2725 nec
612 2654 697 2754 inter
718 2646 844 2729 vitiosas
868 2682 930 2731 nec
955 2666 1073 2732 virtute

45 2750 195 2852 praeditas.
213 2746 428 2837 censendam,
464 2746 520 2825 sed
550 2750 697 2831 mediam
720 2774 890 2829 monetet
914 2762 1071 2832 hortatur.

47 2850 98 2924 Sed
128 2857 297 2926 monitum
324 2860 488 2952 utriusque
527 2856 665 2940 nomine
680 2916 683 2925 ,
696 2852 889 2948 adhibetur,
930 2862 1072 2933 Domini
1131 2932 1134 2937 ,

46 2956 185 3050 Βείςυρ.’
237 2952 407 3047 Praecepit
427 2958 512 3026 raim>
529 2954 691 3025 Domimtr
710 2952 821 3039 Deus,
853 2976 887 3029 vt
911 2954 1073 3057 siquidem

46 3058 174 3151 paruerit
188 3058 379 3150 praeceptis,
400 3051 587 3153 dignaretur
600 3050 711 3127 diuina
725 3055 954 3133 beneficentia:
981 3052 1086 3157 quod

47 3150 68 3229 fi
84 3174 256 3225 contumax
273 3146 393 3238 hient,
405 3182 425 3223 a
438 3153 578 3227 domino
595 3174 751 3253 tanquam
769 3158 857 3229 hero
877 3158 1072 3253 potestatem

48 3254 172 3329 habente
188 3253 366 3351 pelleretur
383 3256 419 3325 in
436 3254 560 3329 malain
579 3278 669 3350 rem.¹
710 3252 854 3355 Ideoque
877 3254 999 3343 dume,
1017 3282 1072 3356 pa·
1117 3310 1123 3341 ,

48 3349 138 3431 ndiso
148 3358 293 3459 edicitur,
312 3351 435 3429 ‚eadem
452 3374 645 3463 repetuntur
651 3440 656 3446 ,
667 3355 841 3429 vocabula:
874 3352 955 3442 dicit
964 3361 1073 3445 euim:
1268 3438 1271 3449 ¹

50 3648 329 3739 promererer.
351 3666 478 3727 aren.
498 3664 580 3729 rue.
603 3650 795 3751 ἐφικέσθη,
878 3668 881 3677 ’

50 3771 79 3853 g)
97 3749 114 3837 d
130 3758 309 3863 naemei.
327 3774 439 3838 restitut
457 3793 494 3837 ex
510 3777 599 3865 ures,
649 3843 651 3846 ,
683 3856 684 3863 Ν
792 3855 793 3861 Ν

50 3883 82 3963 h)
100 3868 206 3955 adrui
228 3890 336 3956 inserui
349 3895 386 3949 eit
399 3889 489 3971 MSS·¹
505 3886 589 3945 Med.
610 3901 640 3947 et
652 3890 740 3957 Trin.
855 3924 858 3931 ι

52 3999 74 4076 r)
91 3986 228 4064 reuss.
246 3998 328 4057 euru
349 3976 707 4087 aminneam„

52 4097 80 4196 i)
98 4107 259 4191 M'siM'ed.
280 4100 332 4210 ¹793,
353 4122 453 4196 forsan
475 4100 555 4216 οἶνᾷζ
575 4113 643 4194 scili
660 4106 843 4225 drdqeirtff,
871 4190 909 4203 ,,
1056 4152 1060 4155 ·
1121 4162 1128 4182 ⁸
