2609 4817
274 257 924 379 tro-rsnttroo'rrnrvtt
1030 274 1099 369 ns

83 447 158 525 stum
180 448 330 536 animae,
362 456 432 521 non
450 471 530 520 vero
547 436 649 549 lit'luet
674 450 740 521 hoc
760 447 933 531 omnibus,
964 441 1017 518 sed
1038 442 1107 519 soli

82 556 159 633 Deo,
183 569 216 621 et
231 553 373 649 quisquis
388 551 463 619 Deo
477 552 608 619 amicus.
657 552 712 621 Ait
724 553 830 619 enirn:
855 546 971 621 Coram
986 546 1099 619 Domi·

82 677 116 723 so
131 649 228 720 matus
242 650 293 720 Ir.
342 651 432 721 Nam
450 670 545 717 mens
569 645 700 746 qnando
722 654 757 719 in
771 638 959 720 sublimibus
976 644 1099 720 versan-
1128 722 1130 725 .

81 749 123 823 do
132 753 271 819 initiatur
282 750 422 819 Domini
439 745 612 837 mysteriis,
635 746 762 821 malurn
791 767 823 819 et
837 751 1010 843 inimicum
1029 774 1099 821 cor·

100 877 132 921 us
154 844 281 919 iudicat.
330 842 472 949 Qando
497 864 607 917 autern
630 840 747 921 absistit
768 874 787 917 a
808 842 982 939 scrutandis
1003 850 1098 921 rebus

79 877 200 1032 diuinis,
223 947 368 1019 amicum
384 943 443 1016 stbi
454 941 631 1043 cognatum
643 970 904 1049 germanumque
920 946 1097 1037 existimat3

79 1044 219 1147 confugit
233 1052 332 1147 igitur
356 1042 398 1118 ad
417 1070 554 1143 eaquae
576 1048 654 1117 huic
674 1070 746 1118 cara
761 1042 842 1121 sunt.
892 1053 1099 1148 Qapropter

78 1148 204 1221 athletae
222 1151 331 1217 anima
348 1139 458 1216 differt
473 1144 513 1216 ab
530 1145 640 1215 anima
661 1142 863 1246 philosophi3
887 1172 965 1220 nana
979 1147 1097 1241 athleta

79 1253 182 1321 omnia
206 1241 306 1317 refert
323 1242 363 1315 ad
380 1245 504 1315 bonam
525 1248 670 1342 corporis
688 1244 934 1339 habitudinem,
965 1253 1017 1320 cui
1042 1246 1096 1321 vel

77 1353 214 1419 animam
229 1341 332 1444 ipsam
349 1340 575 1442 impenderet,
599 1364 709 1443 vtpote
729 1366 856 1419 amator
876 1353 1038 1445 corporis3
1063 1367 1097 1423 at

76 1442 300 1547 philosophus,
330 1470 408 1516 curn
430 1440 469 1515 fit
490 1443 570 1515 boni
598 1465 747 1531 amator,
785 1468 913 1519 curam·
919 1452 1010 1545 gerit
1026 1453 1105 1523 eiut'

76 1574 149 1647 quae
162 1552 198 1618 in
210 1542 242 1618 se
257 1549 340 1617 uiuit
354 1548 503 1627 animae,
527 1542 680 1641 negiet‘io
698 1566 830 1617 mortuo
844 1552 998 1646 corpo're3
1017 1542 1095 1623 'non
1162 1592 1167 1629 t

76 1644 155 1720 atiud
180 1640 326 1745 spedians
346 1668 513 1740 quamne
541 1640 619 1742 quid
640 1648 764 1741 optima
785 1650 894 1719 anima
915 1652 1051 1745 patiatur
1073 1670 1093 1719 a
1126 1736 1128 1741 Ι
1183 1711 1185 1717 ,

74 1747 218 1845 colligato
232 1741 291 1817 fibi
303 1740 392 1813 maio
403 1740 568 1814 cadauere.
616 1743 715 1817 Vides
731 1743 820 1844 quod
836 1748 925 1818 hunc
939 1750 980 1819 Ir
995 1751 1092 1821 iotar-

57 1848 132 1942 sficit
144 1872 214 1941 non
231 1842 415 1927 Dominus,
430 1843 493 1939 scd
510 1839 622 1917 Deus:
652 1850 830 1917 nonenim
856 1866 1011 1945 quatenus
1031 1854 1094 1920 im·

72 1965 155 2047 perat
178 1965 211 2019 et
231 1962 346 2043 regnat
368 1940 506 2042 liberam
536 1966 689 2017 exercens
706 1950 921 2043 potentiam„
941 1948 1093 2025 interficit
1195 2022 1198 2027 .

71 2072 206 2145 corpus3
245 2040 301 2124 sed
332 2062 488 2139 quatenus
517 2041 674 2125 bonitate,
690 2048 954 2143 hurnanitateque
984 2055 1091 2123 utitur.
1099 2070 1108 2133 ss

69 2152 150 2221 Nam
164 2148 253 2220 Deus
264 2144 415 2215 bonitatis
430 2141 633 2226 nomenest,
658 2163 691 2217 vt
712 2136 788 2216 scias
808 2143 897 2244 quod
920 2146 1017 2219 etiarn
1040 2174 1091 2223 res

69 2252 221 2338 innimas
243 2269 314 2316 non
337 2246 481 2341 potentia
497 2295 514 2326 „
538 2237 593 2313 sed
618 2245 760 2316 bonitate
779 2242 943 2330 condidit,
972 2246 1091 2324 eadem

70 2372 127 2445 qua
140 2351 303 2419 animatas.
352 2341 531 2438 Oportebat
543 2346 633 2414 enirn
643 2369 710 2443 quo
725 2349 829 2445 magis
843 2344 1009 2421 elucerent
1021 2374 1091 2421 me·

67 2444 283 2529 Memoriam
302 2437 461 2513 deteriora
480 2436 617 2539 produci
643 2470 662 2514 a
686 2450 830 2541 potentia
856 2440 993 2535 eadem,
1023 2444 1094 2524 scit

68 2547 203 2617 bonitate
221 2539 368 2617 summae
387 2536 525 2623 causae,
538 2566 621 2640 quae
640 2546 730 2615 Deus
749 2543 803 2617 est.
852 2544 1043 2646 Ecquand0‚
1064 2572 1089 2625 o
1168 2624 1172 2629 ,

67 2651 181 2730 anima,
204 2642 362 2716 videberis
378 2642 435 2713 tibi
450 2644 593 2713 maxime
609 2645 779 2723 vidioriarn
795 2667 957 2745 reportare
967 2650 982 2719 ,²
994 2660 1089 2726 ‘num

67 2742 191 2845 quando
221 2742 392 2815 initiaberis
418 2760 451 2813 et
473 2742 625 2839 praemiis
656 2748 851 2843 coronisque
882 2744 1102 2848 dignaberis?-

65 2867 132 2918 tum
156 2861 242 2919 certe
259 2846 395 2915 amatrix
410 2846 472 2911 eris
487 2844 571 2927 Dei,
602 2867 673 2915 non
697 2846 857 2943 corporis:
883 2844 1099 2946 consequeris¹
1195 2852 1199 2865 '

65 2944 169 3017 autern
186 2948 350 3042 praemia,
373 2937 505 3039 quando
529 2966 618 3013 vxor·
636 2943 888 3043 tibi'contigerit
910 2946 963 3019 illa
987 2947 1087 3023 Iudae

63 3040 170 3143 sponsa
184 3047 347 3142 Thamar,
362 3066 445 3138 quae
458 3044 682 3139 interpretatur
693 3042 812 3139 palma,
837 3048 989 3123 vidioriae
999 3043 1088 3142 sym.

47 3144 183 3218 ‘bolum
230 3147 437 3243 Argumento
462 3138 525 3224 est,
555 3139 646 3237 quod
675 3138 805 3241 quando
828 3170 902 3219 earn
927 3144 1016 3220 ducit
1040 3156 1086 3236 Ir,
1124 3175 1128 3185 ·
1202 3140 1209 3146 ’

63 3266 139 3317 tnox
153 3263 184 3315 et
199 3241 304 3316 malus
328 3242 539 3315 inuenitur'et
553 3240 760 3316 interficitur:
778 3247 829 3331 'ait
851 3251 959 3329 eninr,
982 3243 1097 3331 Dedit

64 3345 159 3427 Iudas
175 3367 305 3417 uxorem
318 3344 535 3438 primogenito
552 3339 616 3436 stro
633 3344 694 3426 Ir,
717 3346 840 3434 nomine
868 3347 1025 3421 natur.-
1052 3369 1085 3423 et

612 3457 626 3469 '
1015 3444 1085 3523 sub·
1151 3458 1153 3462 ’

60 3597 92 3721 ξ)
110 3585 191 3705 Ebiti
205 3654 236 3723 et
253 3600 333 3701 eot‘t.
351 3636 390 3701 A.
412 3610 604 3736 ᾦυτεξεσίῳ
622 3639 657 3701 P.

57 3816 94 3899 h)
113 3825 161 3884 Sic
184 3838 305 3899 quoqne
325 3822 413 3883 MSS.
453 3818 512 3881 sed
532 3818 739 3892 reponendum
761 3820 868 3886 censeo
890 3805 1081 3911 νικοφρςέἱγ,

94 3907 142 3965 cui
159 3906 360 3966 emendationi
374 3905 461 3963 etiam
480 3914 639 3964 contextus
654 3900 743 3965 fidem
755 3906 839 3969 facit.
881 3908 989 3988 Agitur
1000 3912 1079 3972 enim

94 3990 131 4048 de
145 3988 280 4061 victoria
290 4001 319 4048 et
338 3988 401 4047 cius
415 3985 567 4059 praemiis.
1012 4002 1016 4009 ·

51 4156 80 4235 r)
99 4162 179 4226 nnn
196 4180 226 4226 et
244 4164 323 4237 cot.
338 4165 376 4224 n.
397 4142 701 4248 κωταψηφίζετοᾳ.
739 4164 774 4228 r.
