2609 4817
257 302 337 384 fos
371 306 559 379 nvnor
590 304 840 395 orrrtcro.
934 246 937 255 ⁸
1029 324 1078 401 a,

52 495 124 545 vero
143 468 309 569 appellauit
334 468 432 545 valde
454 468 599 545 bonam:
637 472 720 543 haec
749 470 848 567 enim,
862 466 968 543 intelli
990 467 1077 551 ibina

51 570 156 643 vifibili
173 590 261 642 tanto
281 566 328 648 ell
356 567 501 641 lucidior
532 596 570 641 ac
589 566 808 668 splendidior,
848 590 883 644 vt
911 496 1076 657 ensinio,

51 690 161 770 quanto
183 665 229 739 sol
251 669 416 752 antecellit
428 669 595 754 tenebras,
618 668 687 744 dies
707 672 862 753 nossem,
887 680 1078 769 quantoque

51 796 136 841 mens
152 775 246 841 totius
265 772 369 840 animi
389 774 578 869 imperatrix
596 764 704 843 sensus
721 770 836 869 quibus
862 795 911 841 res
925 764 1078 861 discerni·

50 895 126 953 mus,
151 888 179 939 et
193 868 283 941 oculi
306 868 445 966 reliquas
467 888 573 967 partes
589 876 949 968 corporis:'caeterum
969 866 1079 961 inuisi·

48 969 106 1039 bile
124 965 204 1044 illud
225 988 258 1040 et
282 968 489 1066 intelligibile
504 965 657 1041 diuinum
669 971 808 1042 verbum
826 972 978 1067 imaginis
996 974 1077 1041 ima·

48 1073 153 1167 ginem
173 1066 251 1139 dicit
264 1071 352 1139 Dei:
378 1089 410 1139 et
425 1072 520 1159 hujus
545 1073 613 1138 ima
636 1075 697 1141 inis
724 1070 835 1141 lucem
851 1068 943 1141 illam
959 1068 1080 1141 intelli·
1201 1152 1204 1170 ι

47 1164 183 1266 gibilem,
206 1194 292 1265 quae
311 1162 396 1239 satta
411 1167 459 1239 est
473 1170 586 1264 imago
610 1095 714 1239 siuini
732 1170 834 1253 verbi,
861 1172 929 1239 eius
943 1194 1080 1267 genera·

47 1272 135 1340 tionis
164 1271 373 1364 interpretis:
410 1292 493 1365 quae
517 1264 565 1338 est
585 1261 828 1366 supercoelestis
861 1265 972 1353 stella,
1002 1264 1081 1355 fons

48 1366 201 1441 stellarum
217 1362 439 1445 sensibilium:
471 1392 570 1463 quam
590 1392 661 1437 non
684 1387 808 1439 temere
822 1364 985 1465 appellare
1005 1362 1080 1467 pos-

47 1464 144 1539 semus
159 1468 371 1557 uniuersalem
387 1466 506 1554 lucem,
531 1493 550 1538 a
570 1463 633 1565 qu'a
645 1461 712 1550 sol,
737 1465 835 1549 luna,
862 1487 1081 1566 ‚caeteraeque

48 1566 227 1641 ssellaetam
245 1564 353 1649 fixae,
376 1590 477 1663 quam
501 1570 654 1637 erraticae
677 1569 831 1639 hauriunt
849 1562 994 1663 singulae
1017 1592 1081 1667 pro

48 1668 154 1739 viribus
172 1669 407 1736 conuenientes
426 1660 485 1735 fibi
506 1660 707 1761 splendores,
727 1692 805 1739 cum
823 1662 946 1737 sincera
963 1664 1017 1737 illa
1047 1685 1081 1739 et
1203 1716 1207 1733 .

47 1794 117 1866 pura
134 1766 190 1837 lux
204 1761 394 1837 obscuretur
415 1771 678 1863 quamprimum
699 1792 758 1837 ver
782 1771 805 1837 it
826 1766 866 1836 ab
882 1764 1081 1863 intelligibili
1162 1762 1166 1769 ’

49 1864 82 1939 ad
97 1862 292 1939 senfibilem
340 1868 465 1937 Purum
481 1870 573 1937 enirn
590 1864 674 1937 nihil
696 1792 788 1939 sensu
801 1870 984 1965 percipitur.
1069 1914 1077 1955 2

110 1969 216 2039 Resie
236 1985 349 2038 autem
370 1960 519 2037 sehabet
541 1960 623 2037 illud
648 1990 794 2065 quoque·
807 1963 955 2051 clidium,
989 1962 1084 2064 quod

50 2064 198 2143 Tenebrae
219 2065 423 2164 etantfitper
440 2062 589 2164 abqffitm.
639 2069 707 2137 Aer
724 2070 816 2137 enim
829 2062 1084 2164 quodammodo

49 2161 423 2263 existit'suprauacuum,
447 2162 716 2263 quandoquidem
736 2192 876 2239 omnem
896 2164 989 2237 illam'
1019 2170 1084 2237 im-
1117 2224 1119 2229 .

49 2260 186 2337 mensam
209 2268 385 2363 regionem
410 2290 547 2336 vacuam
567 2259 791 2364 desertamque
811 2264 972 2363 expleuit,
998 2290 1087 2365 quae

1 2379 2 2430 ἲ
48 2364 84 2437 ad
105 2392 165 2438 nos
188 2390 337 2463 vsquea
361 2363 467 2437 lunari
488 2364 569 2436 orbe
588 2370 696 2462 pertin
720 2372 751 2437 it.
802 2370 979 2438 Caeterum
995 2365 1085 2465 poll-

1 2479 2 2482 ’
48 2492 138 2565 quam
162 2459 287 2537 effulsit
311 2462 368 2536 lux
392 2463 448 2555 illa
472 2462 683 2561 intelligibilis
695 2390 769 2539 sole
786 2470 960 2564 antiquior,
985 2461 1085 2537 celse·

48 2588 115 2639 runt
134 2560 290 2639 aduersae
310 2565 480 2649 tenebrae,
513 2561 633 2636 diuisae
660 2584 691 2636 et
719 2586 848 2647 amotae
872 2568 1003 2651 aDeo,
1027 2570 1084 2641 cui

48 2662 227 2766 perspicuae
247 2659 320 2737 sunt
342 2669 581 2738 contrarietates
603 2690 743 2751 eorum,
768 2687 799 2736 et
821 2691 861 2739 ex
877 2685 992 2737 natura
1005 2691 1086 2737 con·
1192 2742 1193 2745 ,

48 2773 151 2838 tentio.
200 2770 258 2840 Ne
272 2770 370 2863 igitur
377 2771 539 2865 perpetuis
554 2764 738 2838 laborarent
750 2761 972 2849 seditionibus,
997 2790 1086 2839 neue
1175 2822 1177 2829 .

49 2866 166 2939 bellum
183 2860 275 2964 pulsa
292 2891 373 2964 paee
394 2864 616 2965 praeualeret,
639 2860 779 2939 confuso
797 2860 976 2937 inmundo
995 2862 1085 2937 ordi·

50 2992 97 3051 ne,
119 2993 195 3039 non
204 2961 319 3037 ‘solum
324 2966 491 3065 separauit
505 2964 603 3039 lucem
620 2988 642 3039 a
665 2964 817 3057 tenebris,
843 2990 959 3036 verum
977 2983 1009 3037 et
1022 2976 1087 3041 ten
1172 2961 1175 2967 ’

51 3072 151 3139 minos
176 3072 216 3137 in
238 3062 356 3156 mediis
376 3059 480 3161 spatiis
495 3060 623 3161 posuit,
656 3065 778 3163 quibus
790 3086 964 3162 utrumque
984 3074 1086 3143 extre·-

50 3194 138 3239 mum
161 3162 329 3264 separauit.
378 3163 513 3264 Alioqui
534 3183 669 3262 propter
690 3170 887 3239 vicinitatem
911 3161 1085 3239 indusium

52 3287 133 3339 erant
158 3260 393 3337 confusionem
406 3264 669 3335 contentionibus
684 3262 725 3335 de
742 3266 846 3364 princi
871 3283 925 3335 atu
950 3270 1085 3351 mutuis,

50 3370 201 3467 pertinaci
221 3366 401 3436 ambitione
419 3362 543 3437 lusiam
568 3370 769 3461 appetentia,
804 3291 868 3435 nui
893 3356 1087 3461 praesrtim

1 3525 3 3536 ,
52 3464 158 3540 medio
178 3470 312 3539 termini
327 3461 368 3537 ad
382 3489 531 3565 pugnam
551 3464 719 3562 gestientia
738 3458 938 3537 diremissem
955 3482 987 3537 et
999 3458 1088 3637 serpaq-

318 3609 322 3616 .
561 3568 586 3634 B
614 3590 634 3637 2
669 3576 672 3585 ’
801 3636 812 3647 α
1073 3606 1086 3619 .

1 3779 3 3790 Α
86 3736 149 3783 tom
181 3722 265 3797 quod
286 3722 316 3781 in
342 3721 444 3782 verbis
470 3721 544 3782 esset·
559 3724 714 3785 manifesta
742 3706 988 3799 ταυτολογῖα,
1021 3720 1086 3785 tuin

1 3819 3 3868 Ὺ
87 3804 171 3880 qood
183 3805 288 3875 desint,
309 3816 373 3863 tum
385 3804 581 3876 apudEoseb.
604 3820 667 3867 tum
680 3808 709 3867 ln
730 3807 810 3873 cod:
826 3811 925 3871 Vatic.
945 3824 981 3868 ea
996 3805 1086 3869 etiat't
1242 3872 1245 3879 ,

88 3885 378 3960 Christophorsonus
395 3890 591 3964 expungenda
602 3883 723 3950 monet.
1134 3902 1138 3911 '

1 3987 2 4082 Q
55 3979 141 4085 orl
160 4004 281 4065 anesten
298 4004 377 4066 cos.
395 3985 733 4072 nanniano.
774 4006 807 4069 Ρ.

55 4102 87 4181 s)
107 4077 350 4185 sigegaro}
369 4105 622 4165 anarrinon-ente
640 4095 871 4181 eutropium·
884 4116 914 4171 et
929 4105 988 4171 stt
1003 4094 1089 4170 ussa
1119 4086 1123 4092 ’

90 4190 160 4252 Vat.
179 4190 259 4265 Aug.
275 4202 305 4248 et
321 4187 410 4248 Trin.
430 4188 462 4247 in
473 4187 617 4262 margine.
