2609 4817
103 322 106 330 ·
201 266 404 391 ''inots
436 312 877 393 attreomnnvm.
1009 332 1078 413 ¹53

62 480 152 559 dilitm
173 482 215 556 fit
235 512 282 557 an
304 504 409 558 extra:
441 480 497 558 sed
510 484 683 585 postquam
698 482 796 584 dixit2
820 505 853 557 et
871 484 967 557 arbor
980 480 1081 559 scien-

60 593 112 659 tiae
130 586 208 655 boni
232 583 396 685 malique,
418 612 498 667 mox
518 584 642 670 defiit‚·
661 612 724 657 nec
748 583 924 659 declarauit
946 585 1081 661 vbinam

60 708 131 771 erat,
158 711 203 755 ne
229 683 457 784 phyfioiogiae
478 692 631 785 imperito
651 706 803 761 moueret
825 683 1079 760 admirationem

59 781 192 857 scientiae
204 781 288 857 suae.
336 783 426 889 Qid
451 813 531 885 ergo
553 785 732 859 dioendum
753 786 822 857 esti
852 780 917 857 esse
936 811 1012 883 eam
1030 812 1080 858 ar·

59 886 159 957 horem
182 906 217 957 et
231 891 313 957 intra
327 882 511 983 paradisum
535 905 686 958 etextta:
719 883 851 959 ess'entia
872 883 1007 984 quidem
1029 892 1091 959 in-.

58 1004 107 1069 tra,
127 991 272 1081 potentia
287 1012 368 1057 vero
389 1007 476 1057 extra
487 980 499 1056 i
521 984 715 1084 quomodo?
744 986 927 1085 principalis
950 992 999 1059 vis
1013 1012 1081 1059 no·
1123 1034 1128 1048 ·

55 1084 107 1158 stra
125 1087 318 1183 omnicapax
336 1084 404 1170 est,
436 1107 469 1157 et
483 1082 564 1157 ficut
582 1089 656 1157 cera
671 1111 788 1158 omnes
803 1080 926 1157 formas
942 1084 994 1157 vel
1007 1086 1081 1185 pul·

55 1188 134 1255 ehns
148 1185 204 1257 vel
220 1207 329 1283 turpes
348 1191 481 1285 recipit:
505 1204 704 1284 quapropter
727 1206 760 1259 et
778 1182 999 1283 supplantator
1021 1184 1078 1257 ilie

55 1284 140 1357 Iacob
162 1280 283 1376 fatetur
302 1284 435 1360 diceas:
469 1288 572 1379 Super
596 1284 745 1381 mefnsio
757 1286 839 1383 snat
859 1286 932 1357 tan
947 1292 1080 1367 omnim

54 1387 130 1457 Nam
164 1390 269 1458 enisa
316 1391 428 1457 anima
474 1390 664 1457 innumeras
702 1380 929 1485 impressiones
966 1408 1079 1458 rerum

54 1490 208 1576 omnium,
233 1491 363 1582 quaein
380 1504 493 1561 natura
507 1481 591 1570 sunt,
605 1490 707 1583 capit:
733 1512 815 1583 quae
828 1490 954 1583 quoties
968 1490 1080 1557 chara·

53 1587 162 1658 (ierem
190 1581 354 1684 persediae
373 1590 497 1657 virtutis
520 1591 653 1682 recipit,
678 1592 812 1667 vertitur
835 1590 870 1658 in
886 1576 971 1657 vitae
985 1586 1080 1691 apbo-

52 1710 132 1758 rem:
155 1691 284 1784 quoties
305 1690 396 1768 vitii,
420 1684 459 1755 fit
471 1685 568 1757 arbor
585 1682 737 1758 scientiae
758 1685 838 1772 boni
858 1684 1031 1782 maliqnes,
1045 1704 1080 1759 at
1191 1690 1194 1697 ’

53 1790 153 1857 vitium
168 1813 189 1857 a
204 1784 319 1856 diuino
334 1789 439 1856 choro
457 1784 573 1855 exulat.
622 1790 712 1881 Ergo
735 1782 921 1882 principalis
945 1784 1001 1855 iila
1016 1790 1078 1869 vis,

52 1911 123 1982 qnae
148 1888 216 1957 hoe
237 1890 320 1956 intra
336 1880 371 1956 se
391 1880 540 1968 admifit,
572 1890 607 1954 in
626 1880 773 1981 paradiso
796 1882 843 1955 est
867 1890 954 1956 iuxta
975 1868 1085 1956 efferi:
1167 1910 1170 1917 ·

51 1990 135 2057 tian:
157 1985 240 2057 inest
257 1991 394 2057 enimin
407 2010 445 2055 ea
463 1984 629 2059 charadier
641 1982 699 2055 ille
710 1990 833 2056 virtutis
851 2010 891 2054 co
916 2003 1009 2057 natus
1021 2010 1078 2082 pa-

52 2079 155 2170 radiso,
179 2105 214 2157 at
228 2091 315 2158 iuxta
325 2089 508 2184 potentiam
532 2082 670 2155 nonest
692 2085 757 2168 ibi,
781 2088 858 2183 quia
879 2010 990 2156 idrma
1006 2088 1077 2159 vitii

52 2183 143 2255 aliena
157 2184 204 2255 est
217 2212 236 2255 a
248 2183 501 2283 plantationibus
514 2188 588 2254 Dei.
637 2182 738 2287 Qod
759 2181 855 2267 dico,
877 2182 931 2256 vei
950 2182 997 2255 ste
1009 2202 1077 2285 'po-

51 2305 91 2356 tes
104 2279 240 2356 discere:
254 2309 354 2357 mune
378 2290 414 2355 in
436 2310 516 2355 meo
529 2308 672 2381 corpore
693 2282 878 2382 principalis
892 2283 948 2384 iila
961 2290 1011 2357 vis
1029 2283 1077 2357 esi

50 2388 125 2455 iuxta
141 2381 322 2468 essentiam,
333 2388 487 2483 'potentia
502 2410 581 2455 vero
592 2384 731 2457 initalia
752 2384 934 2483 Sicilianm.
947 2391 1076 2484 quoties

50 2482 87 2555 de
103 2487 150 2555 his
169 2485 359 2583 regionibns
380 2489 525 2581 cogitat3
564 2489 648 2555 item
667 2488 703 2555 in
730 2483 848 2567 coeio,
879 2490 1007 2584 quoties
1031 2483 1076 2559 de
1174 2498 1178 2503 '

50 2582 229 2656 coelestibus
245 2579 445 2683 speculatur:
468 2610 533 2681 qua
553 2588 679 2655 ratione
697 2580 864 2656 interdum
874 2582 1017 2685 ,quidam
1037 2591 1074 2658 in

49 2688 212 2781 prophanis
226 2682 310 2755 locis
336 2683 499 2757 constituti
520 2690 605 2755 iuxta
620 2680 809 2767 essentiam,
832 2678 908 2756 sunt
925 2679 1076 2758 infactas
1106 2760 1113 2767 ,

48 2780 181 2867 affinis,
212 2789 392 2881 cogitantes
419 2781 462 2855 de
490 2789 536 2855 eis
560 2809 644 2883 quae
664 2782 704 2855 ad
727 2790 882 2857 virtatem
900 2789 1074 2881 pertinent.

47 2887 72 2955 E
88 2905 194 2955 contra
205 2883 369 2955 constituti
385 2890 421 2954 in
437 2879 530 2955 saeris
543 2882 784 2983 penetralibus„
798 2882 852 2955 aiii
867 2890 984 2955 animo
996 2908 1090 2981 pros

47 2978 205 3068 sanantur,
235 2982 327 3083 quod
348 2986 376 3055 is
398 2980 440 3055 fit
460 2981 500 3055 ad
522 2981 698 3056 deteriores
720 2984 918 3083 vilioresque
943 2980 1072 3058 somnae

48 3082 207 3155 mutabilis.
257 3089 370 3181 Itaque
383 3109 446 3154 nec
464 3084 545 3154 iness
591 3079 715 3157 aradiso
728 3090 862 3167 vitium,
888 3110 951 3155 nec
966 3084 1072 3156 abest’:

47 3182 141 3279 potest
157 3188 247 3253 enim
264 3183 308 3252 ibi
333 3178 396 3253 esse
417 3188 510 3269 imita⁴
531 3110 717 3268 ostiariam„
740 3188 885 3282 potentia
904 3210 985 3255 vero
1000 3210 1073 3257 non

45 3281 147 3378 potest
195 3284 335 3353 Munius
357 3288 544 3355 antem-exit
557 3307 598 3353 ex
611 3286 736 3367 Edem,
759 3284 1071 3381 vtirrigttporndi·

40 3382 116 3477 βιι,
138 3387 190 3476 qni
202 3384 276 3453 inde
286 3382 524 3478 disterminatur
537 3388 571 3455 in
583 3398 723 3479 qantaor
735 3388 849 3477 capita.
889 3410 1000 3455 nonam
1013 3388 1071 3455 vai

46 3480 180 3578 Phaon,
203 3482 267 3578 ipse
283 3482 325 3578 ιβ
339 3488 394 3579 qni
412 3487 527 3555 circuit
538 3509 658 3555 omnem
673 3499 795 3557 terram
811 3484 940 3566 Enilat,
960 3483 1072 3579 vbiest
1134 3530 1140 3540 -

10 3674 13 3679 Ι
47 3606 171 3655 naam:
193 3596 225 3653 et
242 3606 358 3653 nitram
372 3597 480 3655 terrae
497 3585 584 3655 iliius
600 3588 715 3656 bonam
732 3585 785 3681 ιβ
833 3586 886 3655 Ibi
900 3589 1070 3655 cartenni-

1016 3684 1070 3756 tus
1152 3740 1154 3747 ,

83 3817 225 3882 scientiae.
272 3815 353 3895 Quin
376 3831 407 3878 et
429 3837 494 3880 vox
513 3816 588 3879 haec
604 3791 823 3901 ysurpattnab
842 3821 1070 3917 nestore-'ipsse

81 3928 110 3984 p.
129 3914 214 3987 1089.
237 3911 286 3971 ed.
303 3910 407 3971 Franc.

47 4082 76 4165 r)
92 4059 180 4164 ἄλαι
198 4090 306 4167 infensi
319 4107 357 4153 en
375 4091 466 4163 Mss,
479 4090 610 4159 Mene
624 4093 715 4159 Tria·
769 4150 772 4155 .
