2609 4817
159 293 166 305 .
272 220 900 301 Laorsarrroonrmvu.
962 302 971 323 ‚
1036 226 1114 315 ιω,
1205 334 1207 339 J

94 400 145 471 Dei
159 388 344 490 sapientiam
358 395 512 466 inhabitat
530 414 562 466 et
580 399 651 467 eius
672 391 825 475 domum,
850 392 937 463 bona
957 385 1010 463 est.
1061 396 1113 463 ln·

93 493 288 591 corruptibilis
315 500 409 565 enim
442 500 478 567 in
516 492 620 574 domo
664 491 900 591 incorruptibili
931 510 1112 589 permanet.

89 600 130 669 lbi
149 594 185 688 ist
201 597 411 665 carbunculus
429 609 461 665 rt
481 594 563 687 lapis
576 596 735 695 profluus.
786 586 954 663 Differu'nt
976 595 1010 661 hi
1028 588 1111 675 duo,

89 692 229 795 prudens,
258 713 291 765 et
319 693 497 793 prudenter
513 721 629 793 agens:
664 692 745 765 alter
773 712 905 764 ornatus
928 688 1110 789 prudentia,

86 795 151 867 alter
169 819 323 865 exercens
346 820 428 865 eam.
477 798 613 893 Propter
629 798 690 865 hos
712 798 803 865 enim
821 790 914 873 tales,
938 795 1028 863 Deus
1049 810 1110 863 ten

86 901 195 992 rigente
220 896 353 966 homini
379 890 509 965 inseruit
531 892 737 992 prudentiam
755 914 786 963 et
804 897 966 965 virtutem.
989 948 996 969 ,
1018 896 1111 992 Qae
1160 914 1162 921 ’

50 1043 54 1052 -
84 1000 159 1065 enim
182 997 253 1064 tius
270 993 316 1064 est
328 995 464 1076 utilitas,
489 999 524 1063 ni
541 1000 669 1064 animus
691 989 729 1063 srt
749 988 790 1062 ad
814 987 1039 1089 recipiendum
1056 1017 1110 1087 pa·
1143 1070 1146 1079 ,

51 1163 55 1174 ‚
83 1114 169 1174 tatus,
192 1098 328 1192 eiusque
348 1089 472 1164 sonnaa
498 1090 772 1191 exprimendum?
807 1096 917 1189 Itaque
941 1094 1029 1162 recte
1048 1095 1111 1161 vir·

76 1214 122 1264 tus
141 1198 284 1291 iungitur
306 1190 514 1290 prudentiae,
540 1213 573 1263 et
610 1189 730 1265 rudens
750 1218 828 1262 cum
850 1211 1019 1261 exercente
1029 1216 1109 1286 pru-

82 1291 232 1375 dentiam,
264 1288 334 1364 duo
355 1288 492 1391 preciosr
516 1220 647 1391 lapidet.
697 1297 740 1363 Et
759 1286 846 1361 forte
868 1294 903 1361 hi
924 1286 996 1361 sunt
1011 1286 1108 1362 Iudas
1142 1296 1162 1333 5

34 1409 37 1498 p
79 1413 159 1490 atque
173 1387 329 1466 issachar:
353 1391 432 1464 alter
451 1397 542 1462 enim
566 1390 696 1464 diuinae
710 1388 899 1489 prudentiae
916 1390 1022 1462 cultor
1036 1416 1107 1487 gra·-
1194 1380 1197 1389 ¹

32 1501 35 1576 l
78 1486 180 1563 tumse
197 1492 393 1577 confitetur,
418 1496 448 1561 ei
470 1518 489 1561 a
508 1518 580 1590 .quo
598 1492 726 1564 bonum
743 1495 865 1588 accepit
879 1490 1043 1588 largiter:v
1062 1488 1107 1559 al·

32 1594 33 1600 ’
76 1614 119 1667 ter
140 1611 265 1662 exercet
282 1587 315 1661 se
334 1598 370 1663 in
383 1597 498 1664 virtute
526 1592 734 1690 honestisque
751 1592 941 1662 actionibus.
993 1596 1105 1687 Itaque

77 1688 158 1790 ludas
180 1692 393 1763 confitentem
416 1689 590 1789 significat,
625 1696 659 1762 in
686 1718 746 1789 qno
768 1694 833 1761 Lia
849 1714 969 1783 parere
995 1692 1101 1789 uestit.-

26 1853 29 1857 ,
75 1786 201 1863 Iffachar
210 1817 288 1864 vero
303 1793 390 1863 bona
403 1812 612 1889 operantem:
628 1792 797 1889 stapposttit
809 1795 888 1861 enim
904 1789 1108 1869 humeros‘ud

75 1893 281 1980 laborandum,
306 1907 337 1963 rt
353 1892 467 1987 faldas
491 1892 532 1986 est
552 1896 606 1976 uir
626 1894 777 1988 agricola.
826 1896 928 1961 Cuius
945 1896 979 1959 in
994 1896 1123 1983 anima·

74 1988 177 2063 consiti
193 2011 225 2063 et
245 1990 391 2089 plantati,
412 1988 525 2063 Moses
549 1998 603 2076 ait,
629 1988 692 2063 else
716 1988 928 2073 mercedem,
952 2016 1034 2088 quae
1058 1988 1105 2059 est

74 2075 135 2162 don
156 2087 367 2189 impersedlus
393 2091 516 2185 labor,
537 2082 594 2163 sed
611 2112 784 2163 coronatus
802 2094 908 2161 aDeo
932 2111 964 2161 et
980 2116 1105 2160 merce·
1172 2107 1174 2123 ·

72 2188 144 2263 dem
160 2197 329 2291 accipient.
378 2196 471 2263 Haec
488 2211 597 2263 autem
623 2189 667 2263 fic
690 2191 825 2288 intelligi
850 2210 1001 2289 oportere
1023 2186 1104 2261 indi·

72 2312 222 2388 caturper
242 2292 314 2375 alia,
339 2290 470 2389 quando
487 2290 528 2363 de
547 2292 637 2364 talari
651 2293 737 2363 vesle
754 2287 866 2361 scribit.
916 2293 966 2361 Et
983 2286 1103 2362 intexet
1161 2319 1165 2329 ·

71 2395 357 2489 integerrimorum
377 2395 503 2464 ordiner
522 2409 683 2489 quotuor,
723 2393 764 2465 V
760 2416 819 2462 nus
835 2394 912 2463 oredo
928 2390 1024 2474 trit,
1028 2392 1104 2486 fiir·
1121 2412 1123 2417 ’

71 2494 149 2574 dius,
172 2497 334 2585 topazius,
347 2492 559 2589 smaragdus,
583 2496 692 2589 inquo
709 2494 837 2574 Rttbirn,
853 2496 987 2573 Simeon,
1012 2490 1104 2564 Liui.

70 2593 116 2663 Et
145 2592 224 2662 orat
244 2594 424 2689 secundus,
455 2598 579 2689 inquit,
621 2594 826 2663 carbunculus
855 2594 1102 2688 *papptirmpm

71 2692 243 2784 Sappbirus
257 2706 359 2763 uatem
373 2692 416 2787 est
432 2692 692 2792 lapisprastnus:
727 2690 925 2763 carbunculo
941 2689 1034 2763 Iudas
1056 2696 1103 2761 in·

67 2786 232 2889 sculpitur,
266 2798 342 2890 quia
362 2811 509 2890 quartus„
542 2788 693 2890 sapphiro
716 2788 862 2862 issachar.
913 2797 983 2863 Cur
1005 2795 1103 2887 igitur

68 2917 136 2961 non
143 2889 222 2983 dixit
235 2888 379 2990 lapidem
394 2891 641 2975 carbunculum,
664 2889 746 2963 ficut
758 2887 902 2989 lapidem
915 2886 1104 2989 prasinum?

68 2997 140 3087 quia
160 2989 253 3064 Iudas
274 2986 483 3089 consessionis
501 2992 613 3089 ¹ligura
637 3011 725 3062 caret
745 2998 878 3061 materia
901 3012 933 3063 et
953 3008 1102 3087 corpore.

68 3095 152 3162 Nam
180 3086 290 3188 ipsum¹
306 3084 585 3193 ἕξομαλογῆσεως
605 3117 734 3162 nomen
748 3090 902 3164 declarat
933 3117 1006 3161 eam
1040 3087 1103 3163 esse

67 3214 136 3260 rem
155 3210 331 3262 externam.
379 3197 469 3264 Cum
486 3196 578 3263 enim
596 3216 691 3262 mens
714 3212 800 3261 extra
824 3186 959 3289 seipsam
985 3192 1103 3262 consti·
1200 3194 1207 3211 '

67 3308 148 3371 tuta,
172 3294 247 3362 Deo
271 3286 405 3389 seipsam
428 3289 600 3374 obtulerit,
626 3288 706 3363 sicut
727 3289 782 3360 ille
798 3287 874 3361 risus
895 3289 999 3373 Isaac,
1023 3312 1103 3363 tunc

68 3389 236 3462 confitetur
254 3394 284 3460 ei
300 3396 355 3489 qui
368 3386 454 3463 solus
471 3417 547 3487 vere
561 3390 630 3461 esl:
657 3388 812 3488 quamdiu
829 3417 908 3461 vero
926 3387 957 3461 se
975 3387 1102 3462 causam

68 3496 114 3559 rei
136 3496 313 3589 cuiuspiam
331 3490 513 3575 existimat,
538 3490 682 3583 multum
703 3490 789 3561 abest
814 3492 1102 3589 quin'conliteatur
1139 3581 1141 3593 ι

585 3596 612 3662 L
638 3612 660 3679 4
847 3618 850 3638 ¹
998 3588 1102 3661 cedat·

69 3783 97 3860 t)
115 3758 147 3845 tt
166 3776 411 3854 nserut‘exus.
434 3789 521 3849 nea.
632 3813 639 3824 ι

69 3927 105 4009 u)
122 3934 202 3997 MSS.
226 3920 370 4014 Med.,et
393 3938 480 3997 Tria.
503 3909 632 4013 capell.
658 3928 745 3995 huius
769 3909 999 3995 constructionis
1022 3948 1097 4017 vero

106 4018 235 4093 exempla
251 4022 282 4081 in
297 4022 374 4098 stylo
390 4020 587 4113 helleuistico.
609 4015 708 4077 nxod.
727 4032 759 4093 9,
781 4017 831 4079 26.
