2609 4817
265 193 843 289 DEMV-Nmoefflcio.
871 220 893 256 i
940 214 942 225 ·
1040 148 1081 301 'i'
1128 206 1142 231 ,.

46 362 139 468 ipsum
156 358 329 455 summum
344 366 481 438 bonum
504 342 537 439 et
555 359 675 466 ipsum·
686 362 858 441 summum
881 352 1078 465 pulelirurne

46 470 169 541 alterum
195 486 317 552 autem¹
342 464 426 541 illud
457 463 598 565 passioni
624 468 836 553 obnoxium,
868 472 1017 544 inanime
1044 485 1078 553 et

45 566 137 666 suapte
150 584 266 637 natura
280 565 467 651 immobile,
492 586 638 653 motum,
661 563 857 651 formatum,
879 573 1079 641 auimatum·

64 696 98 742 ue
109 684 264 750 amente,
286 664 453 739 redditum
474 662 537 757 esse
553 693 637 765 opus
660 664 949 743 absolutissimum:
971 670 1079 744 Mun·

45 698 122 852 lum,
133 762 255 837 scilicet
267 769 378 860 huiic3
400 792 502 866 quein
517 772 571 864 qui
586 764 713 840 saelum
728 788 861 867 negant,
886 794 957 841 non
971 772 1077 857 anitne

45 868 197 942 aduertuiit
211 862 247 937 se
263 867 383 939 tollere
419 864 488 941 uod
502 866 548 940 est
561 873 599 939 in
612 873 676 940 vita
690 866 893 945 vtiliffunuin
908 866 993 943 etad
1007 875 1077 967 pie*

45 990 125 1043 utem
139 963 271 1039 sumine
292 894 519 1052 necessrium,
544 994 668 1066 nempe
706 967 935 1043 rouidentiam.
983 974 1077 1045 Naiii

45 1070 194 1169 opificium
219 1094 294 1139 non
315 1068 442 1167 negligi
466 1070 506 1139 ab
525 1068 647 1169 opifice
678 996 740 1143 suo
756 1091 956 1171 parenteque
977 1062 1077 1157 ducet

43 1176 122 1244 ntio:
146 1174 274 1240 etenim
289 1190 383 1268 pater
396 1174 462 1240 hoc
476 1174 543 1267 agit
561 1188 596 1241 vt
612 1191 803 1267 permaneat
819 1167 874 1245 sua
887 1196 949 1270 pro
972 1174 1076 1256 enies,

44 1268 174 1345 conditor
187 1273 281 1341 'item
296 1268 498 1343 diuturnitati
517 1265 590 1353 ase
616 1266 829 1347 conditorum
852 1266 938 1343 coiis
966 1277 1002 1357 it,
1026 1296 1076 1356 atq

44 1397 104 1445 cens
118 1366 273 1469 quicquid
289 1396 415 1444 noxam
431 1366 637 1442 damnuinue
650 1368 819 1465 illaturum
833 1368 972 1456 videtur,
996 1396 1076 1451 coni
1193 1416 1197 1425 ·
1271 1350 1277 1365 ι

45 1495 81 1546 tri
97 1468 250 1570 quisquid
271 1469 350 1543 vtile
372 1467 674 1571 commodumque,
698 1468 808 1543 modis
828 1470 984 1545 omnibus
999 1495 1077 1569 pro·

44 1570 166 1672 spiciens.
216 1576 263 1643 At
280 1568 373 1670 quod
385 1566 512 1645 saelum
532 1598 603 1642 noti
623 1570 683 1657 est,
706 1571 789 1643 nihil
809 1576 1005 1645 commercii
1019 1576 1077 1645 hia

45 1677 86 1745 bet
105 1698 178 1743 cum
202 1698 246 1742 eo
276 1677 335 1770 qui
366 1697 437 1743 non
456 1666 545 1749 fecit,
621 1674 714 1773 Qin
741 1679 840 1745 etiam
869 1666 1017 1769 nesciunt
1042 1666 1077 1743 se

46 1767 192 1847 absurdam
207 1792 309 1871 atque
324 1772 478 1845 inutilem
494 1766 689 1843 sententiam
704 1768 888 1857 adstruere,
912 1771 1076 1871 fingentes
1106 1840 1108 1845 ,

46 1871 188 1946 mundum
212 1893 374 1971 tanquam
404 1870 566 1969 rempubl.
589 1867 659 1941 suie
679 1870 890 1970 magistratu,
925 1876 978 1945 cui
1004 1894 1077 1945 tion

45 1968 217 2075 prieseciun
243 2000 319 2044 non
331 1968 470 2071 praeses,
494 1997 566 2043 non
579 1968 677 2061 judex
694 1968 823 2069 praesit,
848 1998 949 2073 quein
959 1977 1076 2044 omnia

46 2070 205 2173 dispensare
217 2074 472 2173 gubernareque
494 2069 617 2143 deceat.
666 2076 711 2145 At
726 2098 865 2171 magnus
887 2072 945 2144 ille
960 2066 1076 2145 Mosei

46 2172 212 2273 longissimo
230 2173 407 2246 intemallo
431 2170 547 2245 dislare
571 2168 755 2245 existimans
770 2200 842 2244 rein
859 2169 1020 2245 visibilem
1035 2172 1075 2245 ab

46 2272 160 2364 insessa3
193 2270 470 2373 quandoquidem
495 2268 650 2372 quicquid
675 2266 779 2345 sensui
810 2269 1078 2365 subjeclumeffl

47 2380 228 2473 generationi
261 2380 504 2472 mutationique
537 2374 726 2445 obnoxium
756 2400 927 2472 nunquam
954 2370 1077 2447 eodeni

46 2477 107 2549 slatu
125 2492 266 2565 manet3
297 2470 453 2547 inuisibili
479 2495 512 2547 et
531 2470 730 2569 intelligibili
760 2474 985 2548 aeternitatem
1007 2493 1076 2569 τως

47 2604 126 2676 quam
139 2600 339 2675 germanam
357 2594 598 2674 cognatamque
613 2574 773 2647 attribuit:
798 2572 840 2647 de
857 2570 998 2647 sensibili
1021 2598 1076 2645 ue·

47 2681 336 2776 regenerationem
356 2694 512 2774 tanquam
533 2676 707 2771 proprium
729 2672 928 2761 vocabulum
951 2669 1077 2773 praedii

47 2798 90 2849 cat.
132 2782 307 2879 Qoniam
327 2781 427 2873 igitur
453 2772 584 2847 visibilis
606 2768 828 2876 sensibilisque
854 2780 909 2847 hic
930 2769 1076 2851 mundus
1139 2854 1142 2865 ,

48 2878 89 2959 cll,
108 2872 234 2951 sactum
260 2870 325 2947 esse
353 2871 560 2975 consequitur
583 2868 771 2947 necessario.
821 2882 896 2977 Qa
920 2894 1077 2971 ruptera

47 2973 125 3075 scopo
147 3004 218 3049 non
243 2972 403 3057 abludens
430 2978 632 3049 creationem
664 2976 732 3069 ejus
756 2902 942 3075 descriplll‚
968 2970 1077 3073 idque

48 3074 209 3151 admodum
229 3082 373 3180 grauiter
388 3103 426 3147 ae
444 3074 642 3173 theologice.

197 3198 201 3205 ⁴
511 3217 514 3224 ·
555 3180 586 3249 Α
611 3198 634 3265 4
1011 3174 1077 3249 Sex

47 3330 68 3410 t)
84 3314 358 3415 κατασκωοίζειν
385 3334 436 3396 Sic
452 3334 541 3394 ctiam
560 3334 669 3394 Euseb.
688 3332 776 3393 MSS.
796 3346 872 3391 vero
897 3346 966 3389 cum
986 3330 1083 3393 Chri:

77 3442 275 3515 stophoisono
299 3409 644 3509 κατασκευωζὲντων,
665 3434 747 3494 forte
769 3445 847 3490 vero
865 3430 1093 3504 reponendum

76 3514 393 3615 κατασκευάζοντες
411 3551 447 3599 vt
462 3538 610 3598 referatur
629 3536 667 3596 ad
682 3525 867 3609 praecedens
887 3503 1076 3597 λελήθασι.

79 3628 217 3701 Adeoque
236 3624 383 3699 ficvertii
512 3652 516 3662 ι
649 3640 701 3664 -’
798 3647 800 3655 v
974 3626 978 3635 ’

50 3722 75 3800 u)
92 3699 204 3807 ’ἔφορον
224 3720 296 3779 hinc
313 3717 439 3777 emenda
455 3714 568 3785 Eusch
587 3715 728 3794 quilegie
747 3688 870 3791 (besica.

50 3836 75 3913 i)
92 3839 184 3900 forsan
200 3807 487 3912 ἆιακσνομξῖσθαγζ
506 3829 578 3891 vide
594 3827 673 3885 dieta
688 3828 807 3887 anobis
818 3826 855 3885 ad
869 3824 969 3883 Iib.de
979 3824 1075 3887 Conf.

80 3925 143 3999 liug.
161 3940 192 3996 p.
208 3934 288 3997 419„
304 3910 372 3995 (ed.
389 3906 455 3985 ir.)
491 3914 583 3973 Sirec·
599 3908 711 3980 XVIII,
729 3924 756 3977 i.
777 3909 849 3985 Job.
862 3906 1011 3981 xxxvii,
1026 3922 1075 3971 ia.

79 4006 176 4074 Enseu,
186 4020 292 4080 praep.
302 3995 515 4082 euaug.L.X1.
526 4012 553 4057 c.
563 4009 612 4077 34„
643 3989 764 4071 Ioseph.
777 3984 1072 4078 deMaccabaeillIli

52 4113 94 4193 ir)
110 4102 232 4197 γένεσιν
247 4086 308 4196 ml
323 4100 436 4177 οἰκεῖον
451 4107 531 4227 Coti.
550 4104 590 4169 Α.
633 4102 669 4165 Ρ.
