2609 4817
606 128 613 160 i

227 228 382 311 urors
413 199 864 339 orroeon-rmum„
989 172 1064 325 233
1130 268 1133 277 -

43 401 150 475 malitia
171 421 204 473 et
224 396 387 475 affediuet
426 396 596 500 pertransit
620 419 732 473 autem
766 402 849 471 haec
879 393 1062 473 meditatrix

41 530 124 575 mens
141 498 327 600 disciplinae
344 526 418 599 ope.
465 504 576 574 Nimis
597 506 689 573 enim
714 500 842 573 humile
861 497 901 571 ad
921 498 1062 573 litteram

44 605 186 701 explicare
210 598 301 700 quod
322 602 462 673 barulum
484 600 753 698 habensflrraium
776 600 912 702 t'rarrstit.
973 605 1063 673 Bene

44 710 128 805 igitur
144 724 175 774 et
190 706 265 773 Deo
285 699 423 775 dilectus
446 696 558 773 Moses
577 696 758 799 respondet:
807 706 858 774 Re
878 697 943 799 ipsa
972 708 1063 772 enim

44 810 172 877 astiones
197 806 258 873 viri
282 802 361 873 boni
386 796 551 901 disciplina
582 821 738 899 tanquam
763 806 853 900 virga
872 798 1063 887 fulciuntur,
1128 848 1132 859 ·

44 905 246 975 turbationem
265 921 298 972 et
321 901 585 974 commotionem
609 898 756 975 sedantes
774 907 912 975 animae.
968 906 1070 997 Haec,

43 1000 98 1103 ipsa
113 1008 198 1101 virga
217 1006 374 1099 proiedia,
398 997 600 1101 fitserpens‚
625 1000 723 1101 idque
746 1008 872 1100 merito.
924 1006 956 1075 Si
972 1008 1063 1076 enirn
1143 1000 1146 1008 ’

44 1110 140 1175 anima
162 1104 313 1174 abiecerit
334 1098 555 1200 disciplinam,
594 1102 632 1173 fit
654 1128 766 1200 amans
799 1102 972 1201 voluptatis
999 1130 1063 1202 pro
1146 1112 1149 1118 ”

43 1222 158 1275 amante
176 1207 314 1288 uirtutis.
388 1210 596 1303 Qapropter
621 1221 653 1273 et
679 1200 791 1277 Moses
801 1205 902 1300 fugit
924 1206 962 1275 ab
986 1204 1063 1301 ipso.

43 1306 85 1383 ab
104 1296 218 1374 affetu
245 1307 336 1373 enim
358 1323 390 1375 et
403 1302 573 1401 ,voluptate
592 1298 678 1400 fugit
695 1330 806 1377 amans
826 1309 958 1377 virtutis.
1007 1309 1063 1378 At-

62 1408 90 1473 ui
104 1408 190 1473 Deus
204 1397 320 1501 sogam
337 1427 406 1474 non
415 1404 539 1501 probat.
589 1405 671 1475 Tibi
689 1409 791 1488 enim,
816 1430 956 1490 omens,
980 1428 1063 1476 non-

44 1432 310 1601 dumpersediae‚
334 1498 449 1602 sugam
477 1523 510 1575 et
531 1500 720 1575 euasronem
742 1500 921 1578 affediuum
942 1530 1064 1577 conue·
1092 1568 1096 1589 ,

44 1610 83 1675 nit
97 1601 259 1674 meditari:
281 1601 372 1675 Mosr
393 1624 504 1675 autem
525 1599 675 1701 persedio
691 1603 831 1703 perstare
851 1610 885 1676 in
900 1605 989 1678 bello
1008 1602 1063 1677 ad·

44 1700 137 1777 uersus
161 1730 236 1786 eos,
267 1699 406 1801 ipsrsque
430 1730 613 1801 repugnare
636 1724 669 1776 et
689 1704 911 1794 contendere3
927 1703 985 1801 ‘sm‘
1000 1711 1064 1777 mi·

37 1830 112 1886 nus,
133 1798 297 1873 securitate
318 1822 415 1902 atque
433 1803 590 1900 potestate
608 1800 684 1876 freti
708 1825 739 1876 et
752 1832 854 1905 vsque
874 1802 914 1877 ad
933 1811 1064 1877 animae

6 1922 12 1940 ’
44 1929 139 1975 arcem
151 1898 368 1986 ascendentes,
392 1921 508 1988 totam,
535 1910 665 1997 tyranni
680 1903 794 1991 instar,
818 1910 965 1977 animam
980 1904 1063 1977 obsr·
1128 1968 1138 1993 ,

45 2002 151 2074 debunt
163 2022 195 2073 et
212 2000 506 2101 depopulabuntur.
556 2002 637 2075 Ideo
657 2007 746 2079 iubet
763 2009 928 2079 Dominus
950 2032 1064 2100 appre-

44 2106 156 2178 marra
173 2106 322 2174 cardam:
346 2103 483 2188 boecii,
507 2109 676 2177 contentio
700 2125 732 2176 et
755 2100 862 2179 feritas
888 2106 1064 2205 uoluptatis

44 2231 78 2276 ne
93 2199 125 2273 te¹
142 2222 295 2288 terreant,
318 2198 373 2274 sed
393 2202 486 2274 islam
508 2210 652 2277 maxime
675 2204 902 2304 apprehende,
928 2211 1063 2278 contine

45 2325 69 2374 er
93 2298 275 2401 exsupera'
324 2308 394 2376 Erit
408 2310 507 2375 'enirn
534 2301 638 2377 rursus
663 2320 725 2404 p'ro
755 2302 918 2405 serpente,
962 2312 1064 2405 virga.

42 2407 109 2475 Hoc
123 2403 176 2486 eii,
201 2428 266 2503 pro
284 2401 449 2500 voluptate
466 2404 524 2476 fiet
541 2410 574 2476 in
596 2432 690 2477 manu
709 2402 785 2478 disci
809 2407 885 2479 sina.
934 2413 1063 2481 Verum

43 2504 91 2574 fiet
106 2509 136 2574 ia
156 2528 272 2584 marro,
303 2506 340 2574 in
355 2506 484 2576 adiione
508 2500 672 2603 sapientis:
707 2434 807 2605 quos
814 2513 922 2606 vtique
944 2534 1063 2580 verum
1142 2559 1146 2568 «

44 2603 97 2675 esi:
118 2598 360 2700 apprehendere
378 2591 507 2689 autem,
533 2625 565 2675 et
582 2601 767 2705 exsuperare
783 2605 983 2705 voluptatem
999 2614 1063 2679 im·

42 2700 184 2802 possibile,
209 2698 271 2773 nisi
286 2706 374 2801 prius
394 2700 520 2777 extensa
542 2700 639 2777 fuerit
655 2732 793 2789 manua,
815 2710 881 2779 hoc
905 2706 967 2792 est,
1000 2703 1063 2779 nisr

43 2807 168 2875 adiones
185 2823 218 2873 et
259 2798 420 2900 rogreisus
440 2830 556 2877 omnes
570 2801 707 2879 fateatur
724 2813 832 2878 anima
844 2833 883 2879 ex
899 2810 974 2879 Deo
985 2802 1061 2893 effe,

43 2929 134 3002 neque
158 2900 199 2973 ad
226 2828 358 3000 sd'quic
380 2930 458 2975 uam
480 2900 606 2977 referat
679 2910 782 2979 Hunc
812 2904 947 3007 quidem
974 2928 1061 2979 certe

41 2999 208 3101 serpentem
232 3000 289 3072 ille
315 2929 459 3091 Vident,
491 3006 595 3103 Israel
611 3001 727 3104 fugere
757 3005 910 3095 decreuit.
973 3008 1060 3081 Alte-

42 3130 105 3176 rum
119 3128 194 3173 vero
217 3107 272 3199 qui
290 3110 522 3203 temperantiae
542 3110 706 3178 rationem
725 3108 821 3179 habet
844 3107 983 3193 exstruit,
1009 3135 1062 3179 ae·

43 3230 131 3275 nrum
145 3199 207 3274 scii
224 3200 338 3275 ilium:
370 3224 405 3276 vt
417 3202 544 3277 morsus
564 3233 583 3277 a
597 3205 781 3304 voluptate,
805 3206 918 3299 videns
935 3228 1061 3307 tempe·

42 3307 180 3385 ramam,
214 3327 327 3373 veram
351 3308 440 3375 viuat
462 3311 573 3378 vitam.
643 3304 847 3387 Huiusmodi
877 3303 1061 3407 serpentem

5 3481 6 3486 ἵ
43 3422 119 3501 optat
132 3400 201 3496 fieri
219 3404 308 3486 Dan,
334 3421 366 3474 et
379 3400 425 3475 fic
440 3408 500 3476 ait:
532 3405 614 3479 Dan
628 3409 878 3505 iudicabitsrmm
897 3412 1058 3509 ι’]ιβωηω.Ι

38 3506 152 3596 pulum,
182 3515 333 3598 tanquam
348 3528 412 3576 vna
437 3509 542 3576 tribus
562 3504 683 3602 Israel:
709 3528 762 3592 et,
785 3508 959 3603 FiatDorr
978 3510 1060 3582 rosal

5 3651 8 3658 -
43 3603 195 3703 insederis
207 3603 385 3702 iirstmita,
417 3608 562 3681 mordens
584 3607 757 3684 ratramno
774 3612 854 3709 aqui.
904 3612 954 3683 Et
972 3610 1060 3681 cadet

560 3708 605 3817 fP
634 3730 653 3800 r
969 3734 1074 3806 ‘rur⁸

41 3897 78 3974 n)
96 3874 188 3967 ¹forsan
207 3875 403 4002 vaporifera
422 3900 612 3968 incrementa.
709 3884 711 3891 ’

42 4061 71 4137 n)
90 4070 189 4135 melius
211 4047 395 4150 οἷναγοὶγω
476 4119 480 4126 .
