<?xml version="1.0" encoding="UTF-8"?>
<!DOCTYPE html PUBLIC "-//W3C//DTD XHTML 1.0 Transitional//EN"
    "http://www.w3.org/TR/xhtml1/DTD/xhtml1-transitional.dtd">
<html xmlns="http://www.w3.org/1999/xhtml" xml:lang="en" lang="en">
 <head>
  <title>
</title>
<meta http-equiv="Content-Type" content="text/html;charset=utf-8" />
  <meta name='ocr-system' content='tesseract 3.04.00' />
  <meta name='ocr-capabilities' content='ocr_page ocr_carea ocr_par ocr_line ocrx_word'/>
</head>
<body>
  <div class='ocr_page' id='page_1' title='image "./operaomniagraec00pfeigoog/operaomniagraec00pfeigoog_0309.png"; bbox 0 0 2609 4817; ppageno 0'>
   <div class='ocr_carea' id='block_1_1' title="bbox 244 284 1154 409">
    <p class='ocr_par' dir='ltr' id='par_1_1' title="bbox 244 284 1154 409">
     <span class='ocr_line' id='line_1_1' title="bbox 244 284 1154 409; baseline 0.004 -30"><span class='ocrx_word' id='word_1_1' title='bbox 244 302 873 409; x_wconf 77' lang='lat' dir='ltr'>uuorsmraeourauvm</span> <span class='ocrx_word' id='word_1_2' title='bbox 1005 284 1073 384; x_wconf 72' lang='lat' dir='ltr'>ab}</span> <span class='ocrx_word' id='word_1_3' title='bbox 1152 378 1154 383; x_wconf 80' lang='grc'><strong>,</strong></span> 
     </span>
    </p>
   </div>
   <div class='ocr_carea' id='block_1_2' title="bbox 46 465 1221 3171">
    <p class='ocr_par' dir='ltr' id='par_1_2' title="bbox 46 465 1221 3171">
     <span class='ocr_line' id='line_1_2' title="bbox 54 465 1097 575; baseline -0.005 -24"><span class='ocrx_word' id='word_1_4' title='bbox 54 465 212 551; x_wconf 71' lang='lat' dir='ltr'>berula?</span> <span class='ocrx_word' id='word_1_5' title='bbox 246 470 355 547; x_wconf 73' lang='lat' dir='ltr'>unde?</span> <span class='ocrx_word' id='word_1_6' title='bbox 398 500 481 545; x_wconf 89' lang='lat' dir='ltr'>num</span> <span class='ocrx_word' id='word_1_7' title='bbox 506 475 597 575; x_wconf 66' lang='lat' dir='ltr'>quim</span> <span class='ocrx_word' id='word_1_8' title='bbox 620 465 756 571; x_wconf 75' lang='lat' dir='ltr'>seipsam</span> <span class='ocrx_word' id='word_1_9' title='bbox 778 476 873 545; x_wconf 91' lang='lat' dir='ltr'>nouit</span> <span class='ocrx_word' id='word_1_10' title='bbox 919 468 1000 546; x_wconf 92' lang='lat' dir='ltr'>ualis</span> <span class='ocrx_word' id='word_1_11' title='bbox 1028 468 1097 560; x_wconf 79' lang='lat' dir='ltr'>lit,¹</span> 
     </span>
     <span class='ocr_line' id='line_1_3' title="bbox 53 496 918 673; baseline -0.006 -25"><span class='ocrx_word' id='word_1_12' title='bbox 53 597 101 649; x_wconf 82' lang='lat' dir='ltr'>aut</span> <span class='ocrx_word' id='word_1_13' title='bbox 121 571 294 673; x_wconf 90' lang='lat' dir='ltr'>quomodo</span> <span class='ocrx_word' id='word_1_14' title='bbox 316 568 487 645; x_wconf 73' lang='lat' dir='ltr'>sasiaht.²</span> <span class='ocrx_word' id='word_1_15' title='bbox 522 567 638 647; x_wconf 82' lang='lat' dir='ltr'><strong>Sensus</strong></span> <span class='ocrx_word' id='word_1_16' title='bbox 658 584 738 645; x_wconf 72' lang='lat' dir='ltr'>uero</span> <span class='ocrx_word' id='word_1_17' title='bbox 767 567 871 645; x_wconf 86' lang='lat' dir='ltr'>caussa</span> <span class='ocrx_word' id='word_1_18' title='bbox 895 496 918 643; x_wconf 79' lang='lat' dir='ltr'>s</span> 
     </span>
     <span class='ocr_line' id='line_1_4' title="bbox 53 668 1111 777; baseline -0.004 -28"><span class='ocrx_word' id='word_1_19' title='bbox 53 671 213 777; x_wconf 90' lang='lat' dir='ltr'>quomodo</span> <span class='ocrx_word' id='word_1_20' title='bbox 229 672 366 755; x_wconf 85' lang='lat' dir='ltr'>dicatur,</span> <span class='ocrx_word' id='word_1_21' title='bbox 389 697 492 771; x_wconf 90' lang='lat' dir='ltr'>quum</span> <span class='ocrx_word' id='word_1_22' title='bbox 506 699 614 773; x_wconf 87' lang='lat' dir='ltr'>neque</span> <span class='ocrx_word' id='word_1_23' title='bbox 635 673 675 759; x_wconf 77' lang='lat' dir='ltr'>ab</span> <span class='ocrx_word' id='word_1_24' title='bbox 690 668 777 771; x_wconf 81' lang='lat' dir='ltr'>ipsu,</span> <span class='ocrx_word' id='word_1_25' title='bbox 802 696 944 773; x_wconf 78' lang='lat' dir='ltr'>nequeo</span> <span class='ocrx_word' id='word_1_26' title='bbox 966 694 1080 745; x_wconf 81' lang='lat' dir='ltr'>ruente</span> <span class='ocrx_word' id='word_1_27' title='bbox 1106 728 1111 735; x_wconf 82' lang='lat'><em>.</em></span> 
     </span>
     <span class='ocr_line' id='line_1_5' title="bbox 54 769 1078 873; baseline -0.003 -25"><span class='ocrx_word' id='word_1_28' title='bbox 54 770 212 848; x_wconf 75' lang='lat' dir='ltr'>uoscamrl</span> <span class='ocrx_word' id='word_1_29' title='bbox 250 779 375 845; x_wconf 87' lang='lat' dir='ltr'>Nonne</span> <span class='ocrx_word' id='word_1_30' title='bbox 397 769 505 857; x_wconf 87' lang='lat' dir='ltr'>vides,</span> <span class='ocrx_word' id='word_1_31' title='bbox 545 770 635 873; x_wconf 92' lang='lat' dir='ltr'>quod</span> <span class='ocrx_word' id='word_1_32' title='bbox 665 794 748 872; x_wconf 79' lang='lat' dir='ltr'>quae</span> <span class='ocrx_word' id='word_1_33' title='bbox 777 770 904 845; x_wconf 89' lang='lat' dir='ltr'>videtur</span> <span class='ocrx_word' id='word_1_34' title='bbox 934 777 1078 872; x_wconf 87' lang='lat' dir='ltr'>cogitare</span> 
     </span>
     <span class='ocr_line' id='line_1_6' title="bbox 53 866 1093 971; baseline 0 -24"><span class='ocrx_word' id='word_1_35' title='bbox 53 901 152 959; x_wconf 83' lang='lat' dir='ltr'>urens,</span> <span class='ocrx_word' id='word_1_36' title='bbox 181 878 385 971; x_wconf 89' lang='lat' dir='ltr'>comperitur</span> <span class='ocrx_word' id='word_1_37' title='bbox 399 866 496 971; x_wconf 80' lang='lat' dir='ltr'>saepe</span> <span class='ocrx_word' id='word_1_38' title='bbox 517 898 631 945; x_wconf 80' lang='lat' dir='ltr'>ament</span> <span class='ocrx_word' id='word_1_39' title='bbox 654 877 690 943; x_wconf 89' lang='lat' dir='ltr'>in</span> <span class='ocrx_word' id='word_1_40' title='bbox 717 870 1019 958; x_wconf 60' lang='lat' dir='ltr'>comessationiburl</span> <span class='ocrx_word' id='word_1_41' title='bbox 1044 879 1093 969; x_wconf 89' lang='lat' dir='ltr'>in</span> 
     </span>
     <span class='ocr_line' id='line_1_7' title="bbox 53 969 1080 1063; baseline 0.001 -17"><span class='ocrx_word' id='word_1_42' title='bbox 53 974 265 1054; x_wconf 71' lang='lat' dir='ltr'>ebrietatibus,</span> <span class='ocrx_word' id='word_1_43' title='bbox 292 977 328 1043; x_wconf 90' lang='lat' dir='ltr'>iu</span> <span class='ocrx_word' id='word_1_44' title='bbox 352 979 470 1046; x_wconf 87' lang='lat' dir='ltr'>mentis</span> <span class='ocrx_word' id='word_1_45' title='bbox 492 969 753 1063; x_wconf 71' lang='lat' dir='ltr'>alienationibuu</span> <span class='ocrx_word' id='word_1_46' title='bbox 797 974 860 1047; x_wconf 88' lang='lat' dir='ltr'>Vbi</span> <span class='ocrx_word' id='word_1_47' title='bbox 877 970 1015 1045; x_wconf 84' lang='lat' dir='ltr'>demum</span> <span class='ocrx_word' id='word_1_48' title='bbox 1032 972 1080 1047; x_wconf 85' lang='lat' dir='ltr'>e&#39;st</span> 
     </span>
     <span class='ocr_line' id='line_1_8' title="bbox 52 1067 1078 1179; baseline -0.002 -32"><span class='ocrx_word' id='word_1_49' title='bbox 52 1071 204 1173; x_wconf 84' lang='lat' dir='ltr'>cogitandi</span> <span class='ocrx_word' id='word_1_50' title='bbox 233 1067 367 1145; x_wconf 76' lang='lat' dir='ltr'>facultas</span> <span class='ocrx_word' id='word_1_51' title='bbox 388 1077 424 1142; x_wconf 92' lang='lat' dir='ltr'>in</span> <span class='ocrx_word' id='word_1_52' title='bbox 446 1077 498 1179; x_wconf 72' lang='lat' dir='ltr'>hip</span> <span class='ocrx_word' id='word_1_53' title='bbox 519 1069 644 1172; x_wconf 73' lang='lat' dir='ltr'>postte?</span> <span class='ocrx_word' id='word_1_54' title='bbox 684 1069 800 1145; x_wconf 80' lang='lat' dir='ltr'>Sensus</span> <span class='ocrx_word' id='word_1_55' title='bbox 829 1094 939 1145; x_wconf 87' lang='lat' dir='ltr'>autern</span> <span class='ocrx_word' id='word_1_56' title='bbox 964 1098 1078 1145; x_wconf 87' lang='lat' dir='ltr'>nonne</span> 
     </span>
     <span class='ocr_line' id='line_1_9' title="bbox 51 1166 1182 1273; baseline 0.001 -26"><span class='ocrx_word' id='word_1_57' title='bbox 51 1171 143 1272; x_wconf 83' lang='lat' dir='ltr'>saepe</span> <span class='ocrx_word' id='word_1_58' title='bbox 161 1174 238 1245; x_wconf 75' lang='lat' dir='ltr'>adiu</span> <span class='ocrx_word' id='word_1_59' title='bbox 266 1166 427 1243; x_wconf 85' lang='lat' dir='ltr'>sentiendi</span> <span class='ocrx_word' id='word_1_60' title='bbox 449 1175 624 1272; x_wconf 74' lang='lat' dir='ltr'>priuatus?</span> <span class='ocrx_word' id='word_1_61' title='bbox 664 1171 810 1245; x_wconf 82' lang='lat' dir='ltr'>videnter</span> <span class='ocrx_word' id='word_1_62' title='bbox 838 1200 1081 1273; x_wconf 83' lang='lat' dir='ltr'>nonnunquam</span> <span class='ocrx_word' id='word_1_63' title='bbox 1132 1180 1135 1205; x_wconf 76' lang='lat'><em>¹</em></span> <span class='ocrx_word' id='word_1_64' title='bbox 1179 1226 1182 1233; x_wconf 22' lang='grc' dir='ltr'><strong><em>Δ</em></strong></span> 
     </span>
     <span class='ocr_line' id='line_1_10' title="bbox 53 1268 1077 1372; baseline 0.002 -25"><span class='ocrx_word' id='word_1_65' title='bbox 53 1301 113 1347; x_wconf 88' lang='lat' dir='ltr'>uon</span> <span class='ocrx_word' id='word_1_66' title='bbox 125 1270 592 1355; x_wconf 81' lang='lat' dir='ltr'>videmus,etaudientern0n</span> <span class='ocrx_word' id='word_1_67' title='bbox 608 1268 776 1363; x_wconf 62' lang='lat' dir='ltr'>audimus:</span> <span class='ocrx_word' id='word_1_68' title='bbox 802 1272 972 1372; x_wconf 83' lang='lat' dir='ltr'>postquam</span> <span class='ocrx_word' id='word_1_69' title='bbox 983 1300 1077 1349; x_wconf 84' lang='lat' dir='ltr'>ment</span> 
     </span>
     <span class='ocr_line' id='line_1_11' title="bbox 52 1366 1184 1472; baseline 0.002 -26"><span class='ocrx_word' id='word_1_70' title='bbox 52 1366 207 1447; x_wconf 72' lang='lat' dir='ltr'>tntillum</span> <span class='ocrx_word' id='word_1_71' title='bbox 234 1369 325 1442; x_wconf 88' lang='lat' dir='ltr'>alteri</span> <span class='ocrx_word' id='word_1_72' title='bbox 353 1367 549 1470; x_wconf 81' lang='lat' dir='ltr'>intelligibili</span> <span class='ocrx_word' id='word_1_73' title='bbox 570 1392 688 1445; x_wconf 87' lang='lat' dir='ltr'>attenta</span> <span class='ocrx_word' id='word_1_74' title='bbox 722 1368 819 1445; x_wconf 87' lang='lat' dir='ltr'>suerit</span> <span class='ocrx_word' id='word_1_75' title='bbox 853 1370 1079 1472; x_wconf 73' lang='lat' dir='ltr'>cogitaliunrla.</span> <span class='ocrx_word' id='word_1_76' title='bbox 1156 1436 1184 1459; x_wconf 42' lang='lat'>,-</span> 
     </span>
     <span class='ocr_line' id='line_1_12' title="bbox 52 1464 1169 1573; baseline 0.007 -30"><span class='ocrx_word' id='word_1_77' title='bbox 52 1469 209 1573; x_wconf 71' lang='lat' dir='ltr'>Quamdiu</span> <span class='ocrx_word' id='word_1_78' title='bbox 230 1470 311 1543; x_wconf 88' lang='lat' dir='ltr'>nudi</span> <span class='ocrx_word' id='word_1_79' title='bbox 326 1464 418 1556; x_wconf 90' lang='lat' dir='ltr'>sunt,</span> <span class='ocrx_word' id='word_1_80' title='bbox 442 1499 537 1543; x_wconf 85' lang='lat' dir='ltr'>mens</span> <span class='ocrx_word' id='word_1_81' title='bbox 561 1470 696 1571; x_wconf 84' lang='lat' dir='ltr'>quidem</span> <span class='ocrx_word' id='word_1_82' title='bbox 721 1475 936 1572; x_wconf 81' lang='lat' dir='ltr'>cogitatione,</span> <span class='ocrx_word' id='word_1_83' title='bbox 971 1466 1079 1547; x_wconf 69' lang='lat' dir='ltr'>sensus</span> <span class='ocrx_word' id='word_1_84' title='bbox 1167 1542 1169 1551; x_wconf 31' lang='lat' dir='ltr'><em>s</em></span> 
     </span>
     <span class='ocr_line' id='line_1_13' title="bbox 51 1568 1079 1672; baseline 0.001 -27"><span class='ocrx_word' id='word_1_85' title='bbox 51 1596 119 1645; x_wconf 84' lang='lat' dir='ltr'>vero</span> <span class='ocrx_word' id='word_1_86' title='bbox 131 1568 289 1643; x_wconf 89' lang='lat' dir='ltr'>sentiendi</span> <span class='ocrx_word' id='word_1_87' title='bbox 307 1574 392 1655; x_wconf 75' lang='lat' dir='ltr'>adiu,</span> <span class='ocrx_word' id='word_1_88' title='bbox 407 1572 493 1644; x_wconf 89' lang='lat' dir='ltr'>nihil</span> <span class='ocrx_word' id='word_1_89' title='bbox 504 1593 597 1671; x_wconf 85' lang='lat' dir='ltr'>turpe</span> <span class='ocrx_word' id='word_1_90' title='bbox 612 1574 749 1645; x_wconf 90' lang='lat' dir='ltr'>habent:</span> <span class='ocrx_word' id='word_1_91' title='bbox 781 1572 952 1672; x_wconf 85' lang='lat' dir='ltr'>postquam</span> <span class='ocrx_word' id='word_1_92' title='bbox 967 1595 1079 1647; x_wconf 88' lang='lat' dir='ltr'>autern</span> 
     </span>
     <span class='ocr_line' id='line_1_14' title="bbox 52 1670 1080 1771; baseline 0.001 -27"><span class='ocrx_word' id='word_1_93' title='bbox 52 1692 220 1769; x_wconf 87' lang='lat' dir='ltr'>coeperunt</span> <span class='ocrx_word' id='word_1_94' title='bbox 236 1670 529 1767; x_wconf 70' lang='lat' dir='ltr'>comprehendere,</span> <span class='ocrx_word' id='word_1_95' title='bbox 560 1677 595 1743; x_wconf 89' lang='lat' dir='ltr'>in</span> <span class='ocrx_word' id='word_1_96' title='bbox 610 1670 735 1769; x_wconf 90' lang='lat' dir='ltr'>pudore</span> <span class='ocrx_word' id='word_1_97' title='bbox 759 1693 791 1743; x_wconf 91' lang='lat' dir='ltr'>et</span> <span class='ocrx_word' id='word_1_98' title='bbox 809 1671 1011 1771; x_wconf 86' lang='lat' dir='ltr'>impudentia</span> <span class='ocrx_word' id='word_1_99' title='bbox 1023 1672 1080 1745; x_wconf 86' lang='lat' dir='ltr'>de-</span> 
     </span>
     <span class='ocr_line' id='line_1_15' title="bbox 111 1770 1117 1871; baseline 0.005 -29"><span class='ocrx_word' id='word_1_100' title='bbox 111 1792 130 1843; x_wconf 93' lang='lat' dir='ltr'>t.</span> <span class='ocrx_word' id='word_1_101' title='bbox 180 1773 398 1843; x_wconf 84' lang='lat' dir='ltr'>Inuenientur</span> <span class='ocrx_word' id='word_1_102' title='bbox 411 1780 501 1844; x_wconf 88' lang='lat' dir='ltr'>enim</span> <span class='ocrx_word' id='word_1_103' title='bbox 515 1770 677 1870; x_wconf 78' lang='lat' dir='ltr'>simplices</span> <span class='ocrx_word' id='word_1_104' title='bbox 688 1793 720 1843; x_wconf 87' lang='lat' dir='ltr'>et</span> <span class='ocrx_word' id='word_1_105' title='bbox 734 1772 819 1844; x_wconf 81' lang='lat' dir='ltr'>slultr‘</span> <span class='ocrx_word' id='word_1_106' title='bbox 833 1773 951 1871; x_wconf 76' lang='lat' dir='ltr'>polim,</span> <span class='ocrx_word' id='word_1_107' title='bbox 978 1800 1080 1871; x_wconf 86' lang='lat' dir='ltr'>quam</span> <span class='ocrx_word' id='word_1_108' title='bbox 1116 1815 1117 1821; x_wconf 43' lang='lat'>1</span> 
     </span>
     <span class='ocr_line' id='line_1_16' title="bbox 51 1800 1175 1972; baseline 0.003 -27"><span class='ocrx_word' id='word_1_109' title='bbox 51 1800 114 1945; x_wconf 64' lang='lat' dir='ltr'>labb</span> <span class='ocrx_word' id='word_1_110' title='bbox 136 1866 268 1942; x_wconf 82' lang='lat' dir='ltr'>scientia</span> <span class='ocrx_word' id='word_1_111' title='bbox 281 1863 373 1942; x_wconf 83' lang='lat' dir='ltr'>heti:</span> <span class='ocrx_word' id='word_1_112' title='bbox 409 1900 480 1944; x_wconf 91' lang='lat' dir='ltr'>non</span> <span class='ocrx_word' id='word_1_113' title='bbox 500 1868 609 1944; x_wconf 91' lang='lat' dir='ltr'>solum</span> <span class='ocrx_word' id='word_1_114' title='bbox 627 1876 663 1943; x_wconf 92' lang='lat' dir='ltr'>in</span> <span class='ocrx_word' id='word_1_115' title='bbox 683 1868 964 1946; x_wconf 86' lang='lat' dir='ltr'>comessatlonibus</span> <span class='ocrx_word' id='word_1_116' title='bbox 983 1895 1014 1945; x_wconf 90' lang='lat' dir='ltr'>et</span> <span class='ocrx_word' id='word_1_117' title='bbox 1031 1881 1081 1947; x_wconf 81' lang='lat' dir='ltr'>in·</span> <span class='ocrx_word' id='word_1_118' title='bbox 1139 1954 1144 1972; x_wconf 30' lang='grc' dir='ltr'>ι</span> <span class='ocrx_word' id='word_1_119' title='bbox 1173 1958 1175 1965; x_wconf 22' lang='lat'><strong>¹</strong></span> 
     </span>
     <span class='ocr_line' id='line_1_17' title="bbox 51 1967 1221 2075; baseline 0.003 -30"><span class='ocrx_word' id='word_1_120' title='bbox 51 1969 126 2045; x_wconf 83' lang='lat' dir='ltr'>suria</span> <span class='ocrx_word' id='word_1_121' title='bbox 138 1992 169 2041; x_wconf 90' lang='lat' dir='ltr'>et</span> <span class='ocrx_word' id='word_1_122' title='bbox 182 1967 384 2067; x_wconf 76' lang='lat' dir='ltr'>insipientia,</span> <span class='ocrx_word' id='word_1_123' title='bbox 406 1968 460 2043; x_wconf 86' lang='lat' dir='ltr'>sed</span> <span class='ocrx_word' id='word_1_124' title='bbox 476 1975 511 2041; x_wconf 91' lang='lat' dir='ltr'>in</span> <span class='ocrx_word' id='word_1_125' title='bbox 532 1972 659 2070; x_wconf 89' lang='lat' dir='ltr'>reliquo</span> <span class='ocrx_word' id='word_1_126' title='bbox 685 1978 773 2045; x_wconf 72' lang='lat' dir='ltr'>vitae&#39;</span> <span class='ocrx_word' id='word_1_127' title='bbox 784 1969 885 2045; x_wconf 89' lang='lat' dir='ltr'>cursu.</span> <span class='ocrx_word' id='word_1_128' title='bbox 936 1972 1081 2075; x_wconf 79' lang='lat' dir='ltr'>Qando</span> <span class='ocrx_word' id='word_1_129' title='bbox 1116 2056 1118 2061; x_wconf 67' lang='lat'>,</span> <span class='ocrx_word' id='word_1_130' title='bbox 1219 2060 1221 2063; x_wconf 17' lang='lat'>¹</span> 
     </span>
     <span class='ocr_line' id='line_1_18' title="bbox 53 2064 1079 2173; baseline 0.003 -29"><span class='ocrx_word' id='word_1_131' title='bbox 53 2076 132 2143; x_wconf 90' lang='lat' dir='ltr'>enim</span> <span class='ocrx_word' id='word_1_132' title='bbox 157 2064 266 2142; x_wconf 88' lang='lat' dir='ltr'>sensus</span> <span class='ocrx_word' id='word_1_133' title='bbox 283 2070 419 2167; x_wconf 81' lang='lat' dir='ltr'>praeest,</span> <span class='ocrx_word' id='word_1_134' title='bbox 435 2096 536 2157; x_wconf 27' lang='lat' dir='ltr'>,ment</span> <span class='ocrx_word' id='word_1_135' title='bbox 557 2078 780 2173; x_wconf 82' lang='lat' dir='ltr'>mancipatur,</span> <span class='ocrx_word' id='word_1_136' title='bbox 806 2072 889 2144; x_wconf 89' lang='lat' dir='ltr'>nulli</span> <span class='ocrx_word' id='word_1_137' title='bbox 910 2070 1079 2147; x_wconf 73' lang='lat' dir='ltr'>attendent</span> 
     </span>
     <span class='ocr_line' id='line_1_19' title="bbox 52 2168 1080 2271; baseline 0.005 -28"><span class='ocrx_word' id='word_1_138' title='bbox 52 2168 248 2267; x_wconf 83' lang='lat' dir='ltr'>intelligibili.</span> <span class='ocrx_word' id='word_1_139' title='bbox 299 2169 441 2270; x_wconf 77' lang='lat' dir='ltr'>Qando</span> <span class='ocrx_word' id='word_1_140' title='bbox 454 2194 565 2269; x_wconf 86' lang='lat' dir='ltr'>autem</span> <span class='ocrx_word' id='word_1_141' title='bbox 580 2198 675 2244; x_wconf 90' lang='lat' dir='ltr'>mens</span> <span class='ocrx_word' id='word_1_142' title='bbox 688 2168 823 2271; x_wconf 82' lang='lat' dir='ltr'>praeest,</span> <span class='ocrx_word' id='word_1_143' title='bbox 838 2168 944 2245; x_wconf 80' lang='lat' dir='ltr'>sensus</span> <span class='ocrx_word' id='word_1_144' title='bbox 959 2172 1080 2248; x_wconf 69' lang='lat' dir='ltr'>otiosus</span> 
     </span>
     <span class='ocr_line' id='line_1_20' title="bbox 53 2268 991 2370; baseline 0.004 -29"><span class='ocrx_word' id='word_1_145' title='bbox 53 2276 196 2359; x_wconf 79' lang='lat' dir='ltr'>cernimr,</span> <span class='ocrx_word' id='word_1_146' title='bbox 222 2268 344 2343; x_wconf 90' lang='lat' dir='ltr'>nullius</span> <span class='ocrx_word' id='word_1_147' title='bbox 360 2268 512 2345; x_wconf 79' lang='lat' dir='ltr'>sensibilis</span> <span class='ocrx_word' id='word_1_148' title='bbox 530 2268 824 2370; x_wconf 73' lang='lat' dir='ltr'>apprehensionem</span> <span class='ocrx_word' id='word_1_149' title='bbox 841 2278 991 2347; x_wconf 83' lang='lat' dir='ltr'>retinent.</span> 
     </span>
     <span class='ocr_line' id='line_1_21' title="bbox 117 2372 1082 2469; baseline 0.006 -28"><span class='ocrx_word' id='word_1_150' title='bbox 117 2372 252 2461; x_wconf 73' lang='lat' dir='ltr'>Stipant</span> <span class='ocrx_word' id='word_1_151' title='bbox 274 2386 379 2441; x_wconf 79' lang='lat' dir='ltr'>annm</span> <span class='ocrx_word' id='word_1_152' title='bbox 399 2374 603 2469; x_wconf 75' lang='lat' dir='ltr'>radidrffmur</span> <span class='ocrx_word' id='word_1_153' title='bbox 626 2388 697 2444; x_wconf 79' lang='lat' dir='ltr'>crat</span> <span class='ocrx_word' id='word_1_154' title='bbox 717 2378 854 2445; x_wconf 80' lang='lat' dir='ltr'>omnium</span> <span class='ocrx_word' id='word_1_155' title='bbox 874 2378 1082 2447; x_wconf 78' lang='lat' dir='ltr'>animantium</span> 
     </span>
     <span class='ocr_line' id='line_1_22' title="bbox 46 2468 1081 2571; baseline 0.009 -33"><span class='ocrx_word' id='word_1_156' title='bbox 46 2472 135 2570; x_wconf 77' lang='lat' dir='ltr'>super</span> <span class='ocrx_word' id='word_1_157' title='bbox 159 2483 307 2551; x_wconf 74' lang='lat' dir='ltr'>terram,</span> <span class='ocrx_word' id='word_1_158' title='bbox 338 2474 513 2567; x_wconf 74' lang='lat' dir='ltr'>praefuit</span> <span class='ocrx_word' id='word_1_159' title='bbox 533 2469 697 2545; x_wconf 82' lang='lat' dir='ltr'>Dominnt</span> <span class='ocrx_word' id='word_1_160' title='bbox 720 2468 821 2545; x_wconf 79' lang='lat' dir='ltr'>Deus.</span> <span class='ocrx_word' id='word_1_161' title='bbox 879 2478 968 2547; x_wconf 90' lang='lat' dir='ltr'>Cum</span> <span class='ocrx_word' id='word_1_162' title='bbox 991 2481 1081 2571; x_wconf 78' lang='lat' dir='ltr'>priua</span> 
     </span>
     <span class='ocr_line' id='line_1_23' title="bbox 54 2568 1081 2671; baseline 0.005 -31"><span class='ocrx_word' id='word_1_163' title='bbox 54 2569 217 2641; x_wconf 83' lang='lat' dir='ltr'>existerent</span> <span class='ocrx_word' id='word_1_164' title='bbox 230 2591 326 2641; x_wconf 82' lang='lat' dir='ltr'>mens</span> <span class='ocrx_word' id='word_1_165' title='bbox 340 2591 372 2641; x_wconf 89' lang='lat' dir='ltr'>et</span> <span class='ocrx_word' id='word_1_166' title='bbox 384 2568 502 2655; x_wconf 79' lang='lat' dir='ltr'>sensus,</span> <span class='ocrx_word' id='word_1_167' title='bbox 526 2592 622 2671; x_wconf 88' lang='lat' dir='ltr'>atque</span> <span class='ocrx_word' id='word_1_168' title='bbox 648 2573 684 2645; x_wconf 94' lang='lat' dir='ltr'>hi</span> <span class='ocrx_word' id='word_1_169' title='bbox 706 2571 795 2646; x_wconf 75' lang='lat' dir='ltr'>dicto</span> <span class='ocrx_word' id='word_1_170' title='bbox 810 2570 915 2645; x_wconf 85' lang='lat' dir='ltr'>mbdo</span> <span class='ocrx_word' id='word_1_171' title='bbox 935 2572 1014 2647; x_wconf 84' lang='lat' dir='ltr'>nudi</span> <span class='ocrx_word' id='word_1_172' title='bbox 1028 2568 1081 2645; x_wconf 87' lang='lat' dir='ltr'>es·</span> 
     </span>
     <span class='ocr_line' id='line_1_24' title="bbox 53 2663 1082 2772; baseline 0.005 -30"><span class='ocrx_word' id='word_1_173' title='bbox 53 2663 274 2757; x_wconf 57' lang='lat' dir='ltr'>seut,1necesle</span> <span class='ocrx_word' id='word_1_174' title='bbox 300 2669 345 2743; x_wconf 86' lang='lat' dir='ltr'>est</span> <span class='ocrx_word' id='word_1_175' title='bbox 366 2672 586 2769; x_wconf 85' lang='lat' dir='ltr'>voluptatem,</span> <span class='ocrx_word' id='word_1_176' title='bbox 612 2698 694 2771; x_wconf 88' lang='lat' dir='ltr'>quae</span> <span class='ocrx_word' id='word_1_177' title='bbox 712 2686 886 2771; x_wconf 81' lang='lat' dir='ltr'>vt‘rumque</span> <span class='ocrx_word' id='word_1_178' title='bbox 904 2679 1082 2772; x_wconf 86' lang='lat' dir='ltr'>coniungat</span> 
     </span>
     <span class='ocr_line' id='line_1_25' title="bbox 54 2766 1081 2873; baseline 0.004 -32"><span class='ocrx_word' id='word_1_179' title='bbox 54 2775 169 2841; x_wconf 86' lang='lat' dir='ltr'>tertiam</span> <span class='ocrx_word' id='word_1_180' title='bbox 185 2768 341 2854; x_wconf 82' lang='lat' dir='ltr'>existere,</span> <span class='ocrx_word' id='word_1_181' title='bbox 363 2769 406 2842; x_wconf 91' lang='lat' dir='ltr'>ad</span> <span class='ocrx_word' id='word_1_182' title='bbox 425 2771 681 2871; x_wconf 86' lang='lat' dir='ltr'>intelligibilium</span> <span class='ocrx_word' id='word_1_183' title='bbox 702 2794 735 2844; x_wconf 91' lang='lat' dir='ltr'>et</span> <span class='ocrx_word' id='word_1_184' title='bbox 750 2766 956 2845; x_wconf 87' lang='lat' dir='ltr'>sensibilium</span> <span class='ocrx_word' id='word_1_185' title='bbox 968 2770 1081 2873; x_wconf 78' lang='lat' dir='ltr'>appre-</span> 
     </span>
     <span class='ocr_line' id='line_1_26' title="bbox 52 2863 1081 2971; baseline 0.003 -27"><span class='ocrx_word' id='word_1_186' title='bbox 52 2863 249 2944; x_wconf 78' lang='lat' dir='ltr'>henfionem</span> <span class='ocrx_word' id='word_1_187' title='bbox 323 2874 442 2969; x_wconf 85' lang='lat' dir='ltr'>Neque</span> <span class='ocrx_word' id='word_1_188' title='bbox 466 2878 557 2943; x_wconf 87' lang='lat' dir='ltr'>enim</span> <span class='ocrx_word' id='word_1_189' title='bbox 581 2898 677 2946; x_wconf 85' lang='lat' dir='ltr'>mens</span> <span class='ocrx_word' id='word_1_190' title='bbox 705 2874 824 2971; x_wconf 82' lang='lat' dir='ltr'>absque</span> <span class='ocrx_word' id='word_1_191' title='bbox 849 2868 940 2947; x_wconf 87' lang='lat' dir='ltr'>sensu</span> <span class='ocrx_word' id='word_1_192' title='bbox 973 2880 1081 2971; x_wconf 88' lang='lat' dir='ltr'>potuit</span> 
     </span>
     <span class='ocr_line' id='line_1_27' title="bbox 54 2966 1081 3071; baseline 0.003 -29"><span class='ocrx_word' id='word_1_193' title='bbox 54 2966 328 3067; x_wconf 80' lang='lat' dir='ltr'>comprehendere</span> <span class='ocrx_word' id='word_1_194' title='bbox 350 2969 429 3069; x_wconf 87' lang='lat' dir='ltr'>quid</span> <span class='ocrx_word' id='word_1_195' title='bbox 454 2968 531 3043; x_wconf 83' lang='lat' dir='ltr'>esset</span> <span class='ocrx_word' id='word_1_196' title='bbox 552 2966 695 3057; x_wconf 89' lang='lat' dir='ltr'>animal,</span> <span class='ocrx_word' id='word_1_197' title='bbox 733 2971 786 3043; x_wconf 86' lang='lat' dir='ltr'>vel</span> <span class='ocrx_word' id='word_1_198' title='bbox 804 2972 932 3071; x_wconf 85' lang='lat' dir='ltr'>planta,</span> <span class='ocrx_word' id='word_1_199' title='bbox 965 2974 1016 3045; x_wconf 88' lang='lat' dir='ltr'>vel</span> <span class='ocrx_word' id='word_1_200' title='bbox 1037 2974 1081 3045; x_wconf 77' lang='lat' dir='ltr'>la·</span> 
     </span>
     <span class='ocr_line' id='line_1_28' title="bbox 53 3064 1081 3171; baseline 0.01 -31"><span class='ocrx_word' id='word_1_201' title='bbox 53 3071 106 3169; x_wconf 83' lang='lat' dir='ltr'>pis,</span> <span class='ocrx_word' id='word_1_202' title='bbox 127 3068 181 3141; x_wconf 87' lang='lat' dir='ltr'>vel</span> <span class='ocrx_word' id='word_1_203' title='bbox 195 3068 339 3166; x_wconf 84' lang='lat' dir='ltr'>lignum,</span> <span class='ocrx_word' id='word_1_204' title='bbox 364 3075 418 3143; x_wconf 89' lang='lat' dir='ltr'>aut</span> <span class='ocrx_word' id='word_1_205' title='bbox 431 3069 466 3142; x_wconf 89' lang='lat' dir='ltr'>in</span> <span class='ocrx_word' id='word_1_206' title='bbox 478 3068 665 3143; x_wconf 87' lang='lat' dir='ltr'>vniuersum</span> <span class='ocrx_word' id='word_1_207' title='bbox 678 3065 817 3171; x_wconf 77' lang='lat' dir='ltr'>corpus:</span> <span class='ocrx_word' id='word_1_208' title='bbox 843 3099 949 3171; x_wconf 87' lang='lat' dir='ltr'>neque</span> <span class='ocrx_word' id='word_1_209' title='bbox 974 3064 1081 3148; x_wconf 81' lang='lat' dir='ltr'>sensut</span> 
     </span>
    </p>
   </div>
   <div class='ocr_carea' id='block_1_3' title="bbox 909 566 1199 671">
    <p class='ocr_par' dir='ltr' id='par_1_3' title="bbox 909 552 1300 671">
     <span class='ocr_line' id='line_1_29' title="bbox 909 566 1199 671; baseline 0.005 -29"><span class='ocrx_word' id='word_1_210' title='bbox 909 572 1078 671; x_wconf 70' lang='lat' dir='ltr'>entiendii</span> <span class='ocrx_word' id='word_1_211' title='bbox 1180 566 1199 581; x_wconf 75' lang='grc'>”</span> 
     </span>
    </p>
   </div>
   <div class='ocr_carea' id='block_1_4' title="bbox 53 3162 1230 3274">
    <p class='ocr_par' dir='ltr' id='par_1_4' title="bbox 53 3162 1230 3274">
     <span class='ocr_line' id='line_1_30' title="bbox 53 3162 1230 3274; baseline 0.006 -34"><span class='ocrx_word' id='word_1_212' title='bbox 53 3171 162 3268; x_wconf 78' lang='lat' dir='ltr'>absque</span> <span class='ocrx_word' id='word_1_213' title='bbox 176 3191 291 3242; x_wconf 91' lang='lat' dir='ltr'>mente</span> <span class='ocrx_word' id='word_1_214' title='bbox 303 3166 460 3242; x_wconf 88' lang='lat' dir='ltr'>sentiendi</span> <span class='ocrx_word' id='word_1_215' title='bbox 473 3162 584 3245; x_wconf 71' lang='lat' dir='ltr'>adium</span> <span class='ocrx_word' id='word_1_216' title='bbox 594 3196 753 3245; x_wconf 84' lang='lat' dir='ltr'>exercere.</span> <span class='ocrx_word' id='word_1_217' title='bbox 803 3170 1084 3274; x_wconf 63' lang='lat' dir='ltr'>Quandoquidem</span> <span class='ocrx_word' id='word_1_218' title='bbox 1108 3184 1114 3197; x_wconf 78' lang='grc'>’·</span> <span class='ocrx_word' id='word_1_219' title='bbox 1221 3178 1230 3191; x_wconf 71' lang='grc'><strong>“</strong></span> 
     </span>
    </p>
   </div>
   <div class='ocr_carea' id='block_1_5' title="bbox 26 3267 1186 3755">
    <p class='ocr_par' dir='ltr' id='par_1_5' title="bbox 26 3267 1186 3755">
     <span class='ocr_line' id='line_1_31' title="bbox 26 3267 1083 3373; baseline 0.005 -33"><span class='ocrx_word' id='word_1_220' title='bbox 26 3326 30 3335; x_wconf 75' lang='grc'><em>,</em></span> <span class='ocrx_word' id='word_1_221' title='bbox 54 3273 143 3368; x_wconf 87' lang='lat' dir='ltr'>igitur</span> <span class='ocrx_word' id='word_1_222' title='bbox 165 3274 249 3341; x_wconf 89' lang='lat' dir='ltr'>haec</span> <span class='ocrx_word' id='word_1_223' title='bbox 270 3267 338 3342; x_wconf 93' lang='lat' dir='ltr'>duo</span> <span class='ocrx_word' id='word_1_224' title='bbox 363 3292 557 3354; x_wconf 83' lang='lat' dir='ltr'>concurrere</span> <span class='ocrx_word' id='word_1_225' title='bbox 584 3270 729 3373; x_wconf 88' lang='lat' dir='ltr'>oportuit</span> <span class='ocrx_word' id='word_1_226' title='bbox 753 3268 794 3343; x_wconf 93' lang='lat' dir='ltr'>ad</span> <span class='ocrx_word' id='word_1_227' title='bbox 819 3270 1083 3371; x_wconf 70' lang='lat' dir='ltr'>comprehensim</span> 
     </span>
     <span class='ocr_line' id='line_1_32' title="bbox 55 3365 1177 3469; baseline 0.006 -28"><span class='ocrx_word' id='word_1_228' title='bbox 55 3395 126 3441; x_wconf 87' lang='lat' dir='ltr'>uem</span> <span class='ocrx_word' id='word_1_229' title='bbox 139 3365 381 3456; x_wconf 72' lang='lat' dir='ltr'>subiectorum,</span> <span class='ocrx_word' id='word_1_230' title='bbox 405 3375 476 3469; x_wconf 85' lang='lat' dir='ltr'>quis</span> <span class='ocrx_word' id='word_1_231' title='bbox 499 3375 580 3443; x_wconf 87' lang='lat' dir='ltr'>haec</span> <span class='ocrx_word' id='word_1_232' title='bbox 594 3372 799 3455; x_wconf 87' lang='lat' dir='ltr'>constrinxit,</span> <span class='ocrx_word' id='word_1_233' title='bbox 817 3366 893 3467; x_wconf 28' lang='lat' dir='ltr'>,nili</span> <span class='ocrx_word' id='word_1_234' title='bbox 912 3374 1084 3447; x_wconf 87' lang='lat' dir='ltr'>vinculum</span> <span class='ocrx_word' id='word_1_235' title='bbox 1175 3398 1177 3401; x_wconf 78' lang='grc'><em>·</em></span> 
     </span>
     <span class='ocr_line' id='line_1_33' title="bbox 54 3468 1084 3570; baseline 0.006 -31"><span class='ocrx_word' id='word_1_236' title='bbox 54 3474 181 3541; x_wconf 86' lang='lat' dir='ltr'>tertium</span> <span class='ocrx_word' id='word_1_237' title='bbox 198 3470 378 3544; x_wconf 76' lang='lat' dir='ltr'>amaricet</span> <span class='ocrx_word' id='word_1_238' title='bbox 404 3470 602 3568; x_wconf 79' lang='lat' dir='ltr'>cupiditatis,</span> <span class='ocrx_word' id='word_1_239' title='bbox 633 3478 814 3570; x_wconf 87' lang='lat' dir='ltr'>imperante</span> <span class='ocrx_word' id='word_1_240' title='bbox 838 3491 871 3543; x_wconf 91' lang='lat' dir='ltr'>et</span> <span class='ocrx_word' id='word_1_241' title='bbox 891 3468 1084 3545; x_wconf 81' lang='lat' dir='ltr'>dominante</span> 
     </span>
     <span class='ocr_line' id='line_1_34' title="bbox 54 3563 1186 3669; baseline 0.005 -30"><span class='ocrx_word' id='word_1_242' title='bbox 54 3568 222 3666; x_wconf 88' lang='lat' dir='ltr'>voluptate,</span> <span class='ocrx_word' id='word_1_243' title='bbox 247 3595 348 3667; x_wconf 90' lang='lat' dir='ltr'>quam</span> <span class='ocrx_word' id='word_1_244' title='bbox 363 3565 544 3662; x_wconf 84' lang='lat' dir='ltr'>symbolice</span> <span class='ocrx_word' id='word_1_245' title='bbox 558 3563 742 3669; x_wconf 89' lang='lat' dir='ltr'>serpentem</span> <span class='ocrx_word' id='word_1_246' title='bbox 751 3576 964 3645; x_wconf 67' lang='lat' dir='ltr'>nominauit?</span> <span class='ocrx_word' id='word_1_247' title='bbox 980 3578 1083 3647; x_wconf 91' lang='lat' dir='ltr'>Hunc</span> <span class='ocrx_word' id='word_1_248' title='bbox 1176 3576 1186 3602; x_wconf 55' lang='lat' dir='ltr'>l</span> 
     </span>
     <span class='ocr_line' id='line_1_35' title="bbox 55 3666 1148 3755; baseline 0.003 -14"><span class='ocrx_word' id='word_1_249' title='bbox 55 3666 231 3743; x_wconf 76' lang='lat' dir='ltr'>admodum</span> <span class='ocrx_word' id='word_1_250' title='bbox 260 3670 346 3741; x_wconf 87' lang='lat' dir='ltr'>bene</span> <span class='ocrx_word' id='word_1_251' title='bbox 381 3669 577 3748; x_wconf 81' lang='lat' dir='ltr'>animalium</span> <span class='ocrx_word' id='word_1_252' title='bbox 605 3668 768 3747; x_wconf 87' lang='lat' dir='ltr'>formator</span> <span class='ocrx_word' id='word_1_253' title='bbox 798 3674 889 3745; x_wconf 82' lang='lat' dir='ltr'>Deua</span> <span class='ocrx_word' id='word_1_254' title='bbox 922 3674 1087 3755; x_wconf 83' lang='lat' dir='ltr'>coustituit</span> <span class='ocrx_word' id='word_1_255' title='bbox 1144 3691 1148 3695; x_wconf 84' lang='lat'><em>&#39;</em></span> 
     </span>
    </p>
   </div>
   <div class='ocr_carea' id='block_1_6' title="bbox 1002 3774 1089 3867">
    <p class='ocr_par' dir='ltr' id='par_1_6' title="bbox 1002 3774 1089 3867">
     <span class='ocr_line' id='line_1_36' title="bbox 1002 3774 1089 3867; baseline -0.023 -20"><span class='ocrx_word' id='word_1_256' title='bbox 1002 3774 1089 3867; x_wconf 58' lang='lat' dir='ltr'>Ordlf</span> 
     </span>
    </p>
   </div>
   <div class='ocr_carea' id='block_1_7' title="bbox 56 3962 1086 4162">
    <p class='ocr_par' dir='ltr' id='par_1_7' title="bbox 56 3962 1086 4162">
     <span class='ocr_line' id='line_1_37' title="bbox 56 3962 1086 4073; baseline 0.009 -28"><span class='ocrx_word' id='word_1_257' title='bbox 56 3975 90 4059; x_wconf 87' lang='lat' dir='ltr'>b)</span> <span class='ocrx_word' id='word_1_258' title='bbox 107 3982 213 4046; x_wconf 77' lang='lat' dir='ltr'>melius</span> <span class='ocrx_word' id='word_1_259' title='bbox 230 3980 312 4047; x_wconf 84' lang='lat' dir='ltr'>forte</span> <span class='ocrx_word' id='word_1_260' title='bbox 331 3963 474 4065; x_wconf 66' lang='lat' dir='ltr'>pluere,</span> <span class='ocrx_word' id='word_1_261' title='bbox 493 4001 529 4053; x_wconf 86' lang='lat' dir='ltr'>vt</span> <span class='ocrx_word' id='word_1_262' title='bbox 544 3986 632 4066; x_wconf 82' lang='lat' dir='ltr'>supra</span> <span class='ocrx_word' id='word_1_263' title='bbox 653 3986 744 4064; x_wconf 84' lang='lat' dir='ltr'>paulo</span> <span class='ocrx_word' id='word_1_264' title='bbox 764 3971 796 4048; x_wconf 76' lang='grc' dir='ltr'>ἓν</span> <span class='ocrx_word' id='word_1_265' title='bbox 815 3980 888 4049; x_wconf 74' lang='grc' dir='ltr'>τοῖς</span> <span class='ocrx_word' id='word_1_266' title='bbox 910 3962 1029 4073; x_wconf 68' lang='grc' dir='ltr'><em>κέρως,</em></span> <span class='ocrx_word' id='word_1_267' title='bbox 1053 3976 1086 4055; x_wconf 81' lang='grc' dir='ltr'>ε’ν.</span> 
     </span>
     <span class='ocr_line' id='line_1_38' title="bbox 90 4064 398 4162; baseline 0.029 -24"><span class='ocrx_word' id='word_1_268' title='bbox 90 4075 169 4139; x_wconf 70' lang='grc' dir='ltr'>ταῖς</span> <span class='ocrx_word' id='word_1_269' title='bbox 187 4064 320 4162; x_wconf 68' lang='grc' dir='ltr'>μέθαις</span> <span class='ocrx_word' id='word_1_270' title='bbox 340 4101 398 4147; x_wconf 85' lang='lat' dir='ltr'>etc.</span> 
     </span>
    </p>
   </div>
   <div class='ocr_carea' id='block_1_8' title="bbox 58 4144 1180 4267">
    <p class='ocr_par' dir='ltr' id='par_1_8' title="bbox 58 4144 1180 4267">
     <span class='ocr_line' id='line_1_39' title="bbox 58 4144 1180 4267; baseline 0.027 -26"><span class='ocrx_word' id='word_1_271' title='bbox 58 4175 87 4258; x_wconf 80' lang='lat' dir='ltr'>c&gt;</span> <span class='ocrx_word' id='word_1_272' title='bbox 104 4182 166 4247; x_wconf 83' lang='lat' dir='ltr'>vid.</span> <span class='ocrx_word' id='word_1_273' title='bbox 183 4169 495 4253; x_wconf 65' lang='lat' dir='ltr'>momentana</span> <span class='ocrx_word' id='word_1_274' title='bbox 510 4198 538 4254; x_wconf 84' lang='lat' dir='ltr'>e.</span> <span class='ocrx_word' id='word_1_275' title='bbox 554 4146 659 4267; x_wconf 51' lang='grc' dir='ltr'>Μαί</span> <span class='ocrx_word' id='word_1_276' title='bbox 673 4180 777 4255; x_wconf 76' lang='lat' dir='ltr'>eaden</span> <span class='ocrx_word' id='word_1_277' title='bbox 790 4144 867 4253; x_wconf 69' lang='lat' dir='ltr'>haec</span> <span class='ocrx_word' id='word_1_278' title='bbox 878 4183 921 4255; x_wconf 83' lang='lat' dir='ltr'>ut</span> <span class='ocrx_word' id='word_1_279' title='bbox 932 4184 1055 4267; x_wconf 64' lang='lat' dir='ltr'>muttit·</span> <span class='ocrx_word' id='word_1_280' title='bbox 1078 4250 1082 4259; x_wconf 88' lang='lat'><em>.</em></span> <span class='ocrx_word' id='word_1_281' title='bbox 1101 4257 1104 4266; x_wconf 95' lang='lat'>.</span> <span class='ocrx_word' id='word_1_282' title='bbox 1141 4162 1146 4173; x_wconf 94' lang='lat'>.</span> <span class='ocrx_word' id='word_1_283' title='bbox 1175 4182 1180 4196; x_wconf 72' lang='grc'>’</span> 
     </span>
    </p>
   </div>
   <div class='ocr_carea' id='block_1_9' title="bbox 0 0 1318 4817">
    <p class='ocr_par' dir='ltr' id='par_1_9' title="bbox 0 0 1318 4817">
     <span class='ocr_line' id='line_1_40' title="bbox 0 0 1318 4817; baseline 0 0"><span class='ocrx_word' id='word_1_284' title='bbox 0 0 1318 4817; x_wconf 95' lang='lat' dir='ltr'> </span> 
     </span>
    </p>
   </div>
  </div>
 </body>
</html>
