2609 4817
177 274 477 359 uuaururro
504 288 572 357 nn
605 286 894 361 uucrouuur.
935 272 1062 365 ιιιιιιΧ

42 457 177 542 naticae
202 456 404 552 analogiam
429 470 645 551 peccantes,
669 480 739 551 qua
771 460 916 535 ratione
944 458 1047 537 l’lato
1147 525 1183 543 ,.

41 580 216 657 multoties
248 579 382 653 labitur
415 577 453 653 in
486 580 662 672 Cratylo‚
688 590 817 655 verum
846 596 885 654 et
914 579 1050 657 ¹contra

40 704 167 793 linquae
192 700 563 796 hebraeaegenium3
589 718 724 797 vtpote
746 725 790 777 ex
812 721 944 799 graeco
968 703 1050 781 fon·
1143 716 1148 723 '

40 834 71 903 te
91 842 349 917 nonnunquam
372 822 555 901 dedutlae.
816 922 820 930 1

125 944 281 1041 Egregia
302 966 397 1019 vero
432 967 573 1021 nomm
607 947 868 1023 documentaa
897 945 1051 1022 Philone

39 1066 286 1165 proferuntur,
313 1068 365 1141 ita
388 1083 439 1142 vt·
455 1070 519 1141 vix
543 1067 754 1143 seueriorem
777 1068 939 1144 Ethicam
956 1068 1051 1162 apud
1112 1048 1115 1055 ¹

39 1186 98 1263 fide
117 1187 317 1275 Christiana
342 1190 501 1267 imbutos
528 1190 799 1283 deprehendere
823 1192 942 1300 liceat:
974 1190 1051 1265 Au·

39 1334 104 1388 rum
124 1311 174 1385 ibi
205 1306 248 1387 et'
272 1332 455 1408 gemmae,
474 1327 669 1405 verumque
697 1312 760 1387 sub
785 1314 1049 1411 Allegoriarunr
1094 1302 1098 1311 ’

39 1415 324 1531 ιιΙιΙιιειιιει,
349 1432 466 1527 paffim
491 1434 612 1509 nitent
628 1450 748 1530 atque
772 1437 939 1523 emicant.
988 1437 1049 1509 De

40 1556 133 1645 Deo,
157 1556 313 1650 eiusque
334 1556 436 1631 reolo
468 1560 591 1649 cultu,
627 1558 673 1631 de
710 1554 1049 1633 animaehumanae
1146 1528 1179 1631 f.

40 1677 206 1770 puritate,
249 1677 297 1753 de
318 1680 486 1753 *virtutis
519 1680 687 1773 praemiis
724 1680 970 1774 praesentibus
1011 1700 1051 1755 et

41 1798 182 1893 futuris,
200 1800 372 1873 deomni
394 1800 494 1873 vitae
516 1800 670 1895 officio,
696 1824 766 1877 nec
789 1800 937 1875 fannius
955 1800 1050 1895 quis·
1075 1804 1078 1808 ’
1178 1873 1183 1881 .

1 1970 2 1973 ¹
41 1946 129 2016 quam
152 1920 384 1999 neciveriue
401 1920 571 1999 disseruit.
630 1924 672 2000 ln
704 1925 895 2019 Decalogo
936 1924 1050 2019 eupli·

1 2088 2 2093 ι
41 2045 161 2136 cande,
184 2039 404 2133 morumque
424 2045 560 2139 regulis
587 2045 651 2121 sub
686 2047 817 2140 quouis
850 2059 1049 2137 praecepto

39 2166 229 2259 tradendis,
254 2164 478 2261 perspicuum
507 2182 545 2238 et
569 2166 733 2241 seuerum
754 2167 789 2240 se
813 2168 947 2260 probat
964 2168 1049 2239 Mo'·
1096 2242 1100 2251 ,

1 2306 2 2355 2
39 2290 72 2365 srs
89 2289 355 2382 interpretem,
383 2302 491 2378 atque
520 2312 564 2361 ex
592 2290 665 2365 istis
699 2291 905 2386 primaeuos
932 2290 1050 2363 eccle·

39 2412 94 2487 liae
117 2425 239 2505 patres
263 2398 415 2483 multum
438 2410 656 2505 profecille,
690 2414 777 2487 licet
798 2432 877 2485 non
910 2410 1048 2505 semper

2 2550 3 2553 ’
40 2534 171 2607 nomine
196 2532 479 2626 appellauerint,
503 2534 609 2608 aufim
637 2534 822 2609 affirmare.
876 2531 1049 2631 Egregius

1 2645 3 2677 ”
41 2675 153 2748 porro,
175 2654 300 2747 saquis
315 2654 418 2744 alius,
435 2654 612 2731 libertatis
633 2657 770 2749 patriae
789 2655 1048 2744 ermelinum,

3 2843 4 2877 ,
40 2798 95 2873 pro
116 2800 186 2870 qua
215 2778 437 2877 occumbere
455 2779 676 2871 praeclarum
702 2777 772 2851 elle
795 2779 930 2866 docet3
953 2775 1050 2850 idem
1072 2786 1080 2799 “

3 2880 4 2931 ³
41 2902 157 2997 pariter
173 2900 206 2994 i)
230 2899 433 3007 tyrannidis
456 2914 531 2973 tum
554 2897 592 2973 in
615 2896 805 2993 praefeeus
827 2914 904 2973 tum
926 2900 965 2972 in
986 2897 1049 2973 im·

42 3021 254 3117 peratoribus
276 3018 390 3117 hostis
415 3018 585 3098 infensus.
618 3020 731 3121 Mira
763 3040 858 3093 vero
887 3018 1063 3097 sensuum.

4 3178 6 3245 5
42 3142 269 3219 consonantia
279 3114 481 3217 Nostrum
471 3157 567 3215 inter
590 3156 631 3215 et
653 3141 827 3216 Foederis
846 3140 949 3218 Noui
965 3143 1052 3216 scri·

5 3302 6 3359 ς
41 3281 174 3360 ptores3
212 3262 436 3355 iohannem,
469 3262 665 3356 Iacobum,
697 3261 853 3353 Lucam,
877 3262 1049 3353 Paulum,

41 3392 91 3463 uel
107 3386 290 3461 audiorenr
309 3384 479 3481 epistolae
495 3386 537 3458 ad
557 3384 773 3472 Hebraeos,
796 3384 953 3477 quisquis
966 3383 1048 3457 fuit.
1134 3393 1140 3405 ⁴
1172 3399 1175 3406 '

6 3534 11 3547 ·
44 3508 191 3603 Cumque
213 3527 281 3616 per
306 3495 511 3601 temporum
534 3506 698 3580 rationes
726 3504 885 3578 Philonis
908 3503 1050 3581 libellos

43 3633 162 3728 perlegi
182 3630 365 3726 pollent,
408 3643 511 3703 erant
552 3628 647 3702 eninr
669 3627 714 3699 ab
741 3646 788 3697 eo
816 3625 885 3697 iam
903 3622 1051 3699 iuniore

45 3768 76 3827 et
110 3755 169 3827 diu
202 3767 288 3827 ante
326 3749 511 3847 Euangelii
542 3750 674 3845 scripta
709 3748 821 3838 editi,
862 3745 1051 3843 perlegille

7 3876 148 3959 ssnullos
179 3876 323 3951 dubito.
381 3872 478 3948 Istud
486 3868 626 3975 paffim
667 3889 733 3964 per
768 3880 887 3943 totam
927 3868 1052 3961 operis
1152 3946 1158 3958 Ι
1244 3828 1249 3841 ’

861 3988 1048 4068 seriem

8 4122 105 4205 ι)
128 4124 196 4192 ride
209 4122 312 4205 ipsum
329 4120 365 4189 h
382 4118 577 4215 fragmentis
594 4136 626 4205 p.
639 4115 713 4225 641
733 4120 768 4181 et
784 4112 922 4199 673.·
1177 4100 1183 4113 ’
