2609 4817
232 316 400 393 'LEGIS
433 318 871 396 ALLEGORIARVM.
1000 340 1077 423 ,149

41 480 126 582 Qid
149 489 250 584 igitur
272 483 481 559 dicendum?
523 485 642 559 decens
673 482 735 559 ess'e
761 490 835 559 Deo
869 485 1013 585 plantare
1045 504 1078 558 et

40 583 209 657 aedificare
227 592 358 660 virtutes
371 592 407 656 in
424 592 556 659 anima:
590 613 685 659 mens
704 607 812 658 autem
841 584 889 663 sui
909 612 1022 658 amans
1043 605 1076 660 et

41 690 151 783 impia,
174 685 293 771 volens
311 684 415 759 viden·
427 686 567 785 aequalis
582 692 679 769 De0,
704 684 784 758 dum
803 684 834 757 se
850 682 957 781 facere
973 706 1074 783 putat,

15 803 19 812 '
40 811 151 856 reuera
163 791 303 883 patitur:
329 806 491 858 caeterum
512 814 589 860 cum
602 791 692 859 Deus
709 783 846 858 seminat
859 808 890 883 et
903 784 1074 884 plantatio

41 891 148 955 anima
172 887 279 968 bona,
312 882 451 957 meussi
477 882 579 971 dicat,
610 912 674 983 ego
701 886 832 984 planto,
864 892 966 985 impie
989 881 1074 957 facit.

45 988 119 1056 Non
131 988 300 1076 plantabis
317 990 434 1083 igitur,
459 984 590 1083 quando
615 990 706 1058 Deus
730 985 870 1084 plantat:
904 982 1020 1085 quodsi
1044 991 1076 1056 'et

42 1085 163 1185 plantas
191 1089 355 1155 inanima
377 1079 541 1183 posueris,
573 1111 595 1156 o
616 1091 739 1169 anime,
761 1081 942 1159 srulliseras
965 1083 1075 1183 planta

42 1211 180 1267 omnes,
215 1205 247 1255 et
262 1211 332 1255 non
348 1186 458 1254 lurum.
532 1188 572 1253 ln
599 1182 676 1255 luco
705 1189 794 1255 enim
815 1204 882 1258 tam
906 1182 1075 1277 syluellres

44 1312 141 1384 quam
156 1289 254 1355 mites
266 1281 344 1356 sunt'
354 1285 499 1355 arbores:
524 1288 639 1355 vitium
663 1304 771 1355 autem
792 1284 897 1359 sterile
917 1289 1077 1356 inanima

45 1413 121 1457 cum
137 1390 210 1455 miti
223 1379 452 1482 frusliferaque
472 1380 616 1479 plantare
631 1388 765 1467 virtute,
790 1383 898 1483 leprae
919 1384 964 1454 est
977 1380 1077 1455 bifor·

46 1491 159 1556 miset
182 1479 335 1557 confusae
356 1488 543 1580 proprium,
587 1480 745 1555 litamen
771 1509 807 1554 ea
835 1511 917 1583 quae
950 1479 1077 1554 misceri

46 1612 111 1656 uon
131 1580 254 1655 debent
268 1589 302 1653 in
317 1610 421 1654 vnum
440 1587 596 1679 coegeris,
620 1578 730 1680 separa
744 1578 936 1683 secerneque
959 1610 977 1655 a
996 1608 1076 1681 pura

46 1708 76 1756 et
92 1688 348 1755 incontaminata
360 1703 483 1765 natura,
508 1687 590 1779 quae
604 1679 686 1754 solet
709 1678 828 1755 offerre
843 1689 917 1758 Deo
933 1708 983 1757 res
1001 1688 1077 1753 irre·

45 1781 291 1884 prehensibiles:
305 1787 395 1853 ”haec
408 1802 518 1865 autem
541 1782 586 1853 est
601 1782 718 1855 altare:
752 1770 791 1854 ab
811 1789 879 1865 hoc,
893 1790 982 1855 enim
1002 1782 1078 1853 alie·
1170 1840 1171 1849 ,

47 1883 193 1966 numell,
216 1880 325 1954 dicere
340 1909 422 1980 opus
436 1880 566 1980 aliquod
578 1878 640 1952 esse
658 1887 797 1967 animae,
823 1912 900 1957 cum
911 1882 952 1955 ad
965 1887 1078 1955 Deum
1114 1912 1118 1916 ·

47 1982 227 2057 reserantur
243 1988 369 2066 omnia,
395 2001 426 2053 et
444 1978 637 2079 permiscere
662 1978 829 2055 srudlisera
854 1978 1079 2056 infrutliferis:

48 2079 353 2183 reprehendendum
373 2087 464 2151 enirn
485 2086 569 2154 hoc:
604 2076 786 2155 offeruntur
813 2105 923 2157 autern
938 2086 1013 2155 Deo
1029 2106 1080 2152 res

49 2180 358 2283 irreprehensibiles:
385 2207 463 2277 ergo
484 2178 508 2250 si
524 2179 602 2279 quid
618 2188 653 2252 in
668 2187 717 2253 his
738 2191 953 2281 praeuaricata
969 2178 1081 2265 fuerit,

51 2313 71 2358 0
94 2291 223 2366 anima,
247 2302 279 2368 te
300 2277 400 2380 ipsam
425 2277 553 2364 laedes,
584 2308 654 2352 non
680 2287 810 2355 Deum:
850 2282 926 2369 ideo
953 2281 1081 2365 dicitur,

52 2389 127 2459 Non
144 2385 310 2478 plantabis
334 2386 392 2453 tibi
416 2381 488 2477 ipsc.
562 2385 638 2453 Deo
667 2389 757 2454 enim
784 2410 885 2455 nemo
919 2402 1081 2481 operatur,

51 2480 232 2586 praesertim
246 2482 330 2555 vilia.
380 2480 684 2578 Moxqueadditur,
710 2487 787 2555 Non
797 2487 902 2580 facies
923 2488 980 2554 tibi
997 2482 1081 2578 ipse:

52 2583 123 2659 dicit
135 2603 246 2656 autem
261 2603 293 2653 et
306 2580 381 2651 alibi
396 2576 559 2677 scriptura,
585 2584 796 2677 Nonfncietis
809 2586 1013 2655 rnrcum’deor
1027 2606 1080 2651 nr-

49 2700 196 2784 gmteos,
219 2697 251 2753 et
270 2684 342 2752 daos
360 2706 472 2751 aurcos
490 2707 553 2752 non
568 2683 701 2777 facietis
726 2689 812 2755 uobis
830 2688 906 2785 ipſs.-
940 2685 1108 2781 quisquic
1150 2725 1152 2729 -
1194 2710 1205 2725 ν

52 2792 140 2858 enim
159 2782 213 2855 vel
225 2781 413 2880 qualitatem
427 2801 516 2878 putat
536 2783 654 2853 habere
670 2788 793 2869 Deum,
819 2785 872 2857 vel
891 2810 961 2855 non
978 2806 1083 2853 vnum
1172 2824 1177 2841 „

53 2883 125 2971 esse,
149 2883 204 2970 uel
219 2908 290 2953 non
307 2881 490 2979 ingenitum
503 2901 535 2953 et
547 2884 845 2981 incorruptibilem,
869 2882 923 2983 yel
937 2908 1007 2953 non
1022 2886 1096 2967 im„

53 2984 255 3065 mutabilem,
280 2978 337 3051 sibi
350 2976 415 3077 ipse
428 2986 581 3052 iniuriam
593 2978 681 3067 facit,
698 2990 868 3057 nonDeo:
894 2987 995 3079 [uobis
1011 2981 1084 3080 ipsts

54 3091 153 3169 enim,
176 3086 294 3181 inquit,
318 3082 527 3176 nonfacictis.
577 3085 630 3153 De
653 3108 693 3153 eo
715 3089 804 3155 enim
829 3081 1033 3159 sentiendum
1050 3097 1101 3169 vt¹
1159 3121 1161 3125 ·
1234 3114 1237 3121 ·

54 3185 207 3286 qualitatis
245 3200 373 3279 experte
403 3202 435 3253 et
461 3182 696 3353 incorruptibili
722 3204 753 3256 et
778 3181 1021 3283 immutabili,]
1053 3198 1085 3249 et

76 3290 193 3384 uisquis
210 3280 303 3356 aliter
316 3277 422 3363 sentit,
445 3276 536 3351 suam
552 3286 586 3377 ip
601 3308 619 3353 e
632 3288 778 3383 animam
801 3284 948 3382 impleto
973 3287 1085 3352 inione

55 3314 129 3457 salsa
141 3405 173 3481 et
186 3386 296 3479 impia.
340 3378 541 3462 ‚Nonvidee
573 3378 664 3479 quod
684 3381 807 3455 etiarnsi
828 3410 889 3455 nos
907 3309 1087 3469 intlucatin

58 3492 215 3566 virtutem,
241 3484 272 3551 et
287 3477 412 3551 inducti
427 3478 631 3577 plantemus,
657 3483 740 3569 nihil
757 3482 891 3581 quidem
906 3473 1087 3553 infrufflfe-
1143 3529 1146 3545 ,

61 3612 150 3669 rum,
180 3578 235 3655 sed
258 3580 572 3664 omnemarborem
597 3581 671 3651 cibo
695 3582 829 3668 utilem,
863 3582 951 3657 iubet
976 3601 1089 3652 tamen

561 3683 591 3751 K
620 3704 638 3769 3
977 3700 1086 3774 ''por-

62 3886 88 3965 t)
108 3893 153 3953 sic
170 3892 256 3954 uss.
272 3892 353 3953 uun
374 3868 545 3991 rapinane.

63 3986 96 4062 u)
114 3992 159 4050 Sic
174 3990 237 4061 MS.
253 3992 336 4053 Med.
357 4012 413 4065 pro
435 3978 546 4078 ἑτέρῳ.
602 3994 609 4009 ‘

63 4084 95 4159 x)
114 4091 225 4152 Tenus
244 4072 385 4149 teor&
403 4106 437 4151 vt
451 4107 480 4152 ct
498 4094 613 4153 Auttor
624 4092 702 4151 infra
714 4108 744 4165 p.
763 4100 833 4167 813.
1060 4166 1062 4173 Ι

65 4183 98 4264 y)
118 4188 186 4251 haec
203 4191 321 4283 uncinis
339 4191 450 4252 inclusa
467 4192 578 4252 restitui
593 4192 727 4265 exMSS.
744 4192 826 4253 Med.
842 4203 871 4253 et
886 4192 973 4267 Trin.
