2609 4817
205 270 323 375 on
355 270 540 348 Mvuor
569 240 822 369 oturcto
1014 247 1071 375 θ’

47 437 200 527 notauit
213 413 361 517 volucria
379 459 412 513 et
424 395 602 524 terrestria,
633 434 786 517 videlicet
805 410 981 512 aeriorum
998 439 1066 528 jam

46 538 168 623 sensibus
185 533 361 707 praedita,⁸
386 557 419 611 et
448 536 606 615 annuales
631 542 842 637 proprietates
864 530 1067 619 manifestior

47 641 142 721 habitu
154 642 184 734 ip
198 661 219 707 0
233 661 314 736 prae
334 632 369 709 se
391 630 540 711 ferentia.
589 636 775 711 Postremus
792 641 839 731 (vt
852 633 934 733 dixi)
958 639 1067 711 homo
1141 680 1148 691 ·

46 759 152 815 ocatur
169 733 231 808 est:
275 741 328 829 cui
353 734 506 811 conditor
529 759 679 810 mentem
720 742 878 809 eximiam
917 732 1067 822 donauit,

47 834 170 941 quaesit
189 861 252 909 ceu
270 841 400 910 anirnae
425 843 558 923 anima,
582 834 867 937 quemadmodum
907 834 1005 935 upilla
1028 840 1084 911 inr

46 938 147 1013 oculo:
169 963 251 1009 nam
263 939 496 1039 huncquoque
514 933 704 1011 scrutatores
719 957 853 1009 naturae
874 862 988 1010 dicunt
1000 927 1067 1008 effe

44 1038 120 1115 oculi
134 1035 278 1111 oculum
328 1041 427 1113 Tum
448 1042 460 1109 i
484 1041 548 1109 itur
560 1042 675 1109 omnia
702 1032 799 1109 smrul
817 1033 890 1111 funt
915 1033 1068 1111 conditae

45 1142 154 1235 inquo
174 1134 312 1235 quidem
336 1064 509 1232 vniuerdli
533 1136 669 1235 opificio
697 1132 823 1211 necess‘e
851 1154 919 1209 erat
948 1130 1068 1213 seruari

46 1234 192 1321 ordinem,
215 1256 353 1334 propter
369 1232 514 1310 futuram
532 1242 781 1335 generationem
801 1234 939 1310 aliarum
953 1260 1068 1310 rerum

47 1335 160 1410 exiliis.
207 1340 252 1407 In
266 1337 363 1409 rebus
384 1362 464 1409 vero
487 1334 714 1507 smpuiaribus,
737 1334 888 1422 ordohic
905 1334 962 1421 est,
987 1339 1068 1411 inci·

44 1454 262 1543 percantatum
278 1432 435 1509 viliffimis
449 1489 461 1520 ,
485 1434 633 1508 demere
652 1460 733 1509 vero
750 1442 786 1511 in
803 1434 1068 1537 praestantissuma

46 1541 198 1611 omnium:
226 1531 260 1606 id
283 1539 366 1607 vero'
387 1533 466 1636 quid
496 1534 546 1622 stt,
570 1533 750 1609 dicendum
764 1540 929 1635 apertius3
952 1532 1068 1613 semen

44 1633 164 1739 genitale
185 1633 235 1707 est
249 1640 449 1739 principium
462 1634 677 1709 animalium:
706 1639 774 1711 hoc
796 1631 860 1709 effe
874 1632 1067 1713 vssiffimum

45 1734 195 1818 ridemus,
219 1729 355 1832 spumae
378 1733 504 1821 ssmile,
528 1758 694 1809 caeterum
714 1736 770 1809 vbi
786 1741 822 1808 in
841 1755 970 1809 uterum
986 1740 1068 1809 inie-

19 1886 23 1893 -
46 1829 280 1922 tiumhaeserit,
304 1854 414 1909 motus
437 1862 518 1909 mox
535 1840 714 1935 particeps,
738 1838 776 1911 in
792 1856 941 1909 naturam
962 1858 1072 1909 muta«

45 1957 93 2011 tur.
142 1939 266 2007 Natura
290 1960 369 2007 vero
391 1932 517 2008 semine
540 1934 587 2008 est
608 1936 754 2020 melior,
793 1960 872 2009 cum
900 1954 933 2007 et
955 1955 1067 2011 motu!

45 2041 134 2137 quiete
159 2039 195 2106 in
223 2033 320 2109 rebus
340 2041 461 2108 creatis.
486 2088 490 2101 .
511 2034 573 2107 Illa
592 2060 672 2108 vero
688 2034 844 2133 tanquam
863 2030 988 2121 artifex,
1012 2027 1067 2112 vel

45 2156 71 2209 tt
84 2140 179 2235 magis
192 2140 327 2232 proprie
341 2132 462 2232 dicam,
486 2132 774 2235 irreprehensibilis
792 2162 861 2221 ars,
885 2136 982 2234 fingit
997 2140 1066 2209 ani·

46 2234 99 2307 ml
115 2262 152 2307 ex
173 2232 313 2307 humida
339 2230 469 2313 'essentia
492 2239 696 2334 incorporis
722 2235 871 2307 membra
894 2255 1067 2335 partesque

45 2332 235 2407 distribuens:
267 2332 350 2407 ficut
369 2330 568 2434 spiritualem
587 2330 754 2408 effendam
783 2340 818 2407 in
841 2339 973 2409 virtutes
998 2339 1067 2417 arri·
1148 2340 1154 2346 “

45 2462 120 2519 nae,
142 2437 332 2506 nutritiuam
355 2448 387 2507 et
408 2430 614 2526 senfitiuam3
648 2461 728 2507 nam
745 2432 788 2509 de
803 2435 952 2509 rationali
975 2458 1069 2511 nune

44 2529 299 2633 supersedendum
322 2532 368 2607 est
387 2531 514 2621 dicere,
543 2555 678 2634 propter
702 2560 758 2614 eos
787 2538 843 2634 qui
874 2540 964 2609 aiunt
989 2561 1068 2614 eam

45 2629 216 2707 extrinsecus
244 2631 400 2708 aduenire
420 2662 498 2708 com
512 2632 624 2707 diuina
642 2632 681 2706 fit
700 2654 732 2707 et
747 2630 950 2733 sempiterna.
1007 2640 1067 2711 At·

45 2759 95 2837 que
107 2740 145 2805 ita
162 2726 232 2805 orsa
245 2733 292 2806 est
306 2754 418 2817 natura
434 2733 523 2814 auidi
537 2730 681 2819 semine,
719 2738 757 2807 in
774 2760 825 2806 res
843 2732 1067 2833 praestantiffi·

40 2862 100 2913 mas
112 2859 188 2906 vero
213 2828 318 2919 defiit,
343 2832 466 2906 animal
483 2855 517 2908 et
535 2838 722 2909 hominem.
771 2831 866 2907 Idem
886 2838 954 2907 hoc
977 2854 1009 2907 et
1028 2838 1066 2910 in
1097 2858 1101 2867 ’
1194 2879 1199 2887 -

44 2931 165 3006 rniuerst
175 2938 273 3007 huius
295 2938 624 3034 creationecontigit:
649 2930 782 3033 quando
806 2940 897 3007 enim
911 2932 1066 3010 animalia

45 3032 108 3104 effin
128 3059 182 3106 ere
202 3032 324 3134 placuit
342 3033 471 3133 opifici,
496 3038 533 3107 in
549 3031 666 3107 ordine
677 3038 778 3132 primi
790 3028 935 3119 fuenmt,
959 3039 1016 3133 qui
1032 3052 1067 3111 et

44 3058 187 3218 vdidgrmi,
210 3129 331 3232 pisces:
355 3132 514 3233 postremi
531 3159 632 3219 vero,
671 3137 727 3233 qui
747 3154 780 3207 et
800 3137 931 3231 optimi,
954 3132 1066 3211 homi·

44 3257 111 3315 oet:
146 3230 268 3337 reliqua
295 3258 379 3309 vero
404 3238 490 3311 inter
506 3264 508 3268 ’
525 3237 742 3317 eumenium
770 3231 906 3323 media,
934 3240 1067 3335 potiora

493 3353 502 3373 ¹
946 3360 1065 3437 prron·

45 3521 81 3600 n)
98 3500 335 3615 mmmmm,
358 3502 784 3631 fortelegtndum'oumdu
805 3530 843 3592 de
862 3541 968 3591 natura
984 3530 1065 3593 enim

74 3626 235 3707 hicagitur,
269 3630 487 3707 interqueeam
506 3644 537 3692 et
556 3638 703 3715 σπεξμα
722 3632 882 3694 instituitur
905 3647 1063 3704 compara·

76 3726 128 3789 tio.
166 3729 214 3788 sic
228 3731 334 3792 suidas
351 3744 430 3790 voce
450 3704 606 3808 φυτὶκὼ.
640 3732 788 3801 ,Similiter
808 3730 981 3797 Photiuain
997 3734 1063 3805 vita

75 3825 191 3905 Pythag:
218 3807 295 3907 ἔχει
314 3800 375 3895 τήν
395 3804 460 3887 τόν
482 3814 637 3907 tarpeaim
657 3805 774 3933 Po'rm
798 3802 858 3899 τήν
878 3800 1065 3912 remittit

77 3924 189 4027 (metius
208 3899 413 4011 θρεπτικὴ)
432 3899 497 4008 καὶ
513 3905 706 4011 dodum,
731 3900 859 4010 amittit
874 3906 1063 4011 inolever-

75 4034 201 4096 nrrtttnt·
223 4026 404 4090 confr·cu1n
418 4027 511 4112 Greg.
528 4030 614 4114 Nyff.
631 4031 669 4100 dt
683 4028 1009 4120 Hammonem.
1030 4080 1046 4094 ..

894 4143 896 4149 ¹
959 4132 963 4162 Ι

48 4138 79 4221 ⁸>
93 4149 287 4252 Mtte
300 4151 499 4256 nutare·
513 4156 651 4249 Μ’
664 4150 721 4257 3²12
