2609 4817
239 298 310 371 or
344 301 534 371 nuum
569 244 1195 392 muscinis„{}³'·3]i²e‘i{'··{f².f'.··‚

23 455 190 559 quaedam,
217 458 287 542 sne
313 461 468 566 splendor
490 462 636 565 et'qua'sr
656 462 779 539 radius:
819 470 899 537 item
923 460 1051 539 mundo
1081 550 1084 559 ¹

21 556 157 631 vnuerso
175 567 264 635 iuxta
284 563 477 639 straturam
498 571 653 665 corporis.
702 566 758 639 Est
786 570 877 641 enim
904 586 1052 667 contem·¹
1080 605 1091 639 .-

19 679 134 831 pgratus
157 686 199 733 ex
215 662 335 737 iisdem
360 665 553 750 elementis,
577 686 679 749 terra,
704 692 804 764 aqua,
828 673 924 750 aere,
948 671 1052 765 igne;
1078 690 1111 710 -·

62 759 151 856 gulis¹
167 768 364 859 portionem
387 762 476 839 suam
499 761 742 839 conserentibus
778 763 818 839 ad
846 760 1079 863 supplemenf,

19 881 81 933 tum
101 867 257 933 materiae
278 861 579 949 sufficientissimae,
608 893 709 964 quam
731 866 901 963 oportebat
922 860 1052 940 sumere
1080 929 1085 937 .

19 959 175 1058 opificem,
201 984 237 1035 vt
252 960 422 1038 fabricaret
439 970 523 1037 hanc
540 963 702 1046 visibilem
719 970 909 1063 imaginem.
958 971 1051 1039 Prae-

19 1082 93 1133 terea
107 1065 141 1137 iu
154 1065 315 1139 omnibus
335 1064 439 1139 modo
453 1064 548 1141 diuis
563 1066 745 1149 elementis,
771 1086 824 1137 tan
848 1092 924 1137 uam
944 1070 979 1139 in
993 1063 1051 1147 do·

20 1159 142 1232 meslicir
168 1171 383 1264 cognatisque
416 1167 602 1265 regionibus
627 1162 799 1249 versatur,
825 1092 950 1239 docum
974 1165 1051 1237 loco

20 1282 155 1345 mutans,
182 1284 217 1334 et
231 1264 309 1337 alias
326 1266 391 1338 alio
406 1262 437 1338 se
453 1262 649 1352 conferens,
673 1286 707 1339 vt
728 1271 860 1365 proprie
883 1262 991 1337 dicere
1014 1265 1052 1338 li·
1166 1322 1181 1335 ..

19 1383 78 1433 teat
93 1365 272 1434 hominem
293 1361 358 1437 else
377 1373 507 1439 omnia:
533 1388 712 1449 terrenum,
737 1372 936 1463 aquaticum,
959 1364 1051 1437 voluss
1083 1446 1086 1451 ,

20 1462 322 1544 crem,coelellem.
386 1473 559 1569 Qatenut
576 1472 669 1541 enirn
690 1467 809 1539 habitat
827 1487 859 1538 et
874 1464 1052 1563 ingreditur
1080 1528 1086 1537 .
1117 1550 1121 1567 .

19 1568 145 1644 interra,
171 1565 324 1637 terrestre
350 1566 396 1637 esi
417 1566 557 1647 animal:
592 1587 750 1666 quatenus
767 1571 929 1648 minatur,
952 1584 1051 1649 natat,

21 1683 47 1733 et
66 1658 153 1758 saepe
176 1671 333 1763 nauigat,
357 1672 560 1765 aquaticum:
591 1672 682 1742 cuius
702 1671 748 1737 rei
770 1664 862 1739 testes
884 1662 956 1737 sunt
973 1690 1051 1737 nau·

22 1761 95 1845 deri,
118 1771 362 1861 negociatores,
387 1794 604 1865 purpurarum
617 1786 807 1865 captatores,
833 1785 1052 1859 caeterorumf
1157 1790 1161 1799 “

22 1890 72 1961 que
98 1863 358 1955 conchyliorum
386 1887 481 1964 atque
501 1862 666 1963 piscium:
725 1888 858 1938 uatenus
891 1887 1000 1937 autem
1033 1886 1053 1935 e

21 1983 88 2035 terra
102 1968 136 2033 in
152 1958 298 2043 sublime
312 1961 484 2039 ascendens
505 1993 623 2064 corpus
645 1892 769 2039 sursum
794 1964 929 2048 tollitur,
954 1970 1052 2051 meri·
1093 1969 1096 1984 “

21 2060 118 2135 todici
135 2064 426 2161 potestae'ricola3
451 2087 546 2164 atque
571 2063 700 2164 insuper
724 2065 886 2148 coeleste,
917 2086 1052 2162 propter

21 2168 187 2261 principem
204 2170 291 2237 inter
309 2161 414 2238 sensus
431 2161 555 2250 visum,
581 2193 648 2266 quo
674 2162 778 2237 solem
793 2163 936 2263 adusque
951 2185 983 2236 et
1002 2164 1051 2251 lu·

21 2290 85 2334 nam
98 2284 365 2364 caeterarumque
382 2265 548 2339 stellarum
567 2287 639 2339 tum
662 2270 869 2339 erraticar'uin
883 2267 956 2337 turn
974 2261 1052 2337 fixass
1080 2324 1083 2331 .

21 2355 82 2434 mm
98 2360 239 2463 singulas
254 2386 410 2463 penetret.
866 2391 868 2401 '

39 2522 46 2531 ,
81 2465 278 2563 Perpulchre
302 2486 413 2538 autem
440 2484 472 2537 et
493 2460 660 2564 impositio
682 2468 861 2536 nominum
878 2458 1052 2560 affignatur

21 2570 114 2662 primo
128 2568 285 2649 homini:
309 2563 351 2637 ad
365 2562 553 2663 sapientiam
576 2571 667 2637 enim
684 2586 716 2637 et
739 2589 879 2661 regnum
894 2569 1053 2659 pertinett'

24 2663 108 2734 atille
121 2660 249 2763 sapiens
265 2664 312 2738 est
334 2661 517 2764 suimetipse
539 2660 712 2763 discipulus
732 2685 764 2735 et
779 2661 897 2735 dodlor
910 2688 968 2761 per
978 2668 1051 2765 'Dei

40 2770 159 2848 ntiam,
186 2786 221 2838 et
245 2762 375 2863 insuper
396 2793 452 2838 rex
495 2792 540 2837 uo
564 2790 615 2841 ue.
675 2768 816 2860 Principi
837 2782 946 2833 autem
971 2788 1049 2835 con·

22 2788 218 2951 sentaneum,
246 2862 386 2964 srngular
404 2893 454 2939 rer
473 2792 704 2937 dbisubiettn
724 2856 786 2935 suis
807 2862 968 2961 appellare
989 2888 1049 2935 no-
1074 2913 1081 2932 r

24 2966 157 3037 minibus.
208 2963 376 3039 Eximiam
400 2992 478 3039 vero
500 2984 630 3063 oportet
656 2959 749 3035 fuisse
768 2960 950 3059 imperandi
979 2967 1049 3033 vim

23 3068 174 3161 inprimo
198 3066 259 3139 illo
286 3070 442 3152 homine,
474 3092 576 3164 quem
595 3084 741 3137 accurate
760 3058 942 3134 formatum
957 3066 1048 3134 Deus

22 3159 147 3237 secundo
160 3166 236 3263 post
251 3162 357 3264 ipsum
372 3170 502 3239 honore
517 3164 678 3264 dignatur,
697 3154 962 3259 'subpraefeslpm
977 3158 1048 3245 fibi,
1122 3210 1132 3231 l

23 3270 170 3337 restorem
186 3265 326 3338 aliarum
351 3293 463 3340 rerum
487 3270 642 3337 omnium
659 3263 832 3336 constituit.
892 3259 1048 3362 Qando·

24 3362 141 3461 quidem
155 3372 256 3437 'etiam
271 3385 320 3438 tot
338 3362 524 3439 seculorum
538 3365 704 3464 posteritas
723 3369 811 3445 eiua,
837 3358 1048 3434 euanescente

25 3470 76 3534 iam
92 3493 149 3562 per
162 3487 231 3546 tam
246 3465 388 3565 longum
403 3462 540 3565 spatium
556 3491 689 3563 genere,
713 3462 927 3538 nihilominus
942 3460 1058 3565 adhue,

24 3564 107 3637 brutis
126 3562 338 3651 dominatur,
363 3562 491 3639 seruans
514 3588 669 3663 tanquam
691 3558 863 3636 scintillam
887 3568 1047 3661 princrpa·
1129 3556 1137 3575 ⁰

25 3684 64 3736 un
76 3686 105 3739 et
117 3672 281 3766 potentiae
298 3664 528 3741 haereditariae
547 3694 565 3736 a
584 3670 694 3763 primo
711 3660 869 3737 traditam.
918 3667 976 3738 Ait
988 3662 1057 3761 igi·'

76 3799 79 3808 ·
540 3770 618 3854 (ἃς
666 3769 672 3779 ’
713 3802 716 3808 ¹
994 3782 1047 3835 tur

27 3944 53 4022 l)
69 3952 169 4013 alludit
181 3954 218 4013 ad
236 3950 393 4013 Platonem
407 3955 438 4039 in
453 3954 535 4023 Crat.
554 3970 585 4027 p.
600 3964 670 4025 390·
687 3950 811 4023 it·,401.

28 4053 47 4128 i)
67 4063 125 4123 uls.
144 4064 227 4125 Med.
250 4043 351 4145 χερσὶ
374 4076 404 4121 et
420 4079 509 4123 mox·
532 4035 829 4152 irretiendum,
899 4140 904 4149 ι
951 4074 965 4085 ·

28 4165 57 4245 l)
74 4148 204 4259 χςᾶνων·
216 4155 267 4259 ἔτι
287 4146 443 4257 neeto'dttf
464 4174 495 4236 in
512 4174 622 4238 Editis.
666 4170 699 4235 P.

292 4273 572 4361 neparmene
608 4296 658 4361 of
693 4276 914 4372 classice
1065 4374 1070 4380 .

291 4394 575 4489 unrversrry
606 4416 656 4479 of
691 4416 969 4490 Censennia
1003 4403 1008 4411 ¹

288 4512 536 4610 Berlreletr,
574 4527 852 4605 callfornta
882 4540 1018 4609 94720
