2609 4817
186 298 192 307 ·
214 217 847 348 nuorsnnmroonrnnvM;
878 320 881 335 ι
959 245 1058 367 ‘1931

45 448 124 519 tionis
141 434 258 539 species
281 447 380 538 prior.
429 442 485 514 Ait
504 445 612 511 enim:
632 436 697 512 'Et
708 442 875 534 fhrmauit
896 440 989 513 Deus
1010 466 1050 515 rx
1155 524 1159 535 ¹

43 561 226 617 terruomncs
245 543 354 635 bestias
370 546 523 637 ogri;=ct
540 545 643 611 omnia
660 540 912 614 volatilia‘corli:
944 556 975 613 ιι
995 542 1049 629 ud·

45 619 162 717 duxit'tu
176 641 220 711 ad
230 638 352 723 Adam,
376 655 413 711 ot
426 643 544 711 videret
561 643 641 735 quid
658 639 784 710 obcurrt
800 640 887 735 ipstr:
912 654 943 711 rt
962 666 1051 712 ouran

44 744 235 839 quodnotauit
250 738 360 818 Adam
373 744 508 811 artiorem
525 745 690 821 uiuentem,
715 740 769 810 boc
775 741 852 834 fuit
869 741 1052 813 illiato'men.

46 839 123 914 Vides
137 846 270 937 quinam
284 838 346 911 fint
365 838 466 910 nostri
485 838 673 912 auxiliares:
700 838 817 911 bestiae
831 844 976 924 animae,
1002 836 1052 911 af·

45 938 141 1013 lellus:
169 964 249 1008 nam
269 964 347 1010 cum
367 935 509 1023 dixisset,
536 935 656 1022 faciam
679 942 866 1013 nuxiliorem
879 939 1050 1035 serrandum

45 1042 142 1137 iprfitm,
162 1036 344 1136 subiungit,
357 1039 523 1134 furumuit
542 1039 670 1133 bestias:
698 1036 785 1137 quast
798 1044 860 1111 hae
873 1034 981 1111 -effent
994 1067 1051 1113 au·

43 1142 146 1212 xilirres
162 1137 299 1209 nostrae.
347 1145 429 1212 Non
442 1157 553 1211 autem
567 1143 701 1235 proprie
718 1136 767 1209 isti
780 1138 969 1223 auxiliares,
993 1136 1051 1211 sed

44 1236 149 1311 abusrue
178 1237 347 1321 dicuntur,
387 1243 634 1335 comperiuntur
664 1243 755 1307 enim
782 1264 895 1311 reuera
920 1238 1049 1329 hostes,

44 1335 305 1438 quemadmodum
332 1343 423 1408 etin
451 1338 579 1411 urbibus
607 1342 851 1435 nonnunquam
872 1334 949 1411 socii
975 1334 1049 1411 sunt
1081 1330 1086 1341 ’

44 1436 197 1538 proditores
219 1457 252 1507 et
273 1431 474 1537 transfugae,
510 1456 541 1507 et
555 1443 591 1507 in
612 1442 759 1509 amicitiis
783 1435 964 1510 adulatores
985 1465 1049 1537 pro
1165 1466 1167 1471 ·
1220 1416 1223 1423 ¹

43 1543 132 1608 anicia
156 1542 292 1607 inimici.
342 1537 486 1609 Coelum
510 1556 622 1607 autern
643 1554 676 1607 et
695 1562 811 1635 agrum
830 1532 1050 1631 synonymice

44 1636 172 1721 adhibuit,
198 1642 338 1709 innuens
354 1656 521 1709 mentem:
545 1640 600 1708 hic
613 1641 714 1719 enirn,
741 1655 772 1731 et
786 1634 866 1709 licut
885 1662 970 1735 ager,
997 1664 1052 1711 or·

44 1758 81 1809 tus
93 1757 120 1807 et
132 1740 281 1833 germina
299 1734 399 1811 habet
418 1760 522 1834 prope
535 1736 679 1820 infinita,
712 1754 743 1807 et
765 1734 1050 1833 quemadmodum

44 1836 152 1909 coelum
165 1832 284 1919 rursus,
310 1832 493 1933 splendidas
511 1833 639 1907 diuinas
658 1855 690 1906 et
703 1836 810 1907 beatas
824 1843 969 1909 continet
992 1862 1050 1907 na·

43 1958 117 2008 tuns
170 1934 282 2007 Bestiis
307 1954 417 2007 autem
442 1954 474 2006 et
497 1934 680 2007 volucribus
707 1956 876 2034 comparat
901 1932 1048 2021 affatus,
1156 1956 1167 2012 ’.

43 2040 174 2131 quoniam
193 2032 329 2107 laedunt
340 2054 500 2121 mentem,
524 2034 741 2123 intradiabiles
759 2054 793 2105 et
811 2041 955 2109 immites
970 2062 1048 2109 cum

42 2132 103 2217 snt,
131 2134 218 2233 quod
240 2133 425 2207 volucrium
444 2141 480 2205 in
500 2132 642 2207 modum
664 2140 700 2204 in
720 2154 867 2207 mentem
888 2136 1052 2208 meulent.-

43 2240 202 2307 Vehemens
229 2239 321 2305 enim
348 2254 380 2305 et
409 2240 466 2334 qui
485 2234 632 2307 cohiberi
654 2258 724 2305 non
740 2234 845 2331 potest
867 2235 912 2306 est
925 2239 1049 2308 horum
1164 2320 1171 2335 ³

42 2341 166 2431 impetus.
216 2340 299 2410 Non
318 2334 373 2405 abs
394 2362 428 2405 re
452 2333 599 2407 adiicitur
621 2330 675 2439 'ap‘
691 2332 848 2425 ἔπλασε,
869 2336 1048 2430 formauit,

43 2430 72 2511 ri
87 2423 284 2529 inamplius.
334 2432 424 2535 Qid
446 2439 512 2505 ita?
546 2431 647 2533 Qod
668 2452 699 2505 et
721 2429 864 2531 superius
890 2430 1051 2529 formatas

44 2530 114 2607 ulie
131 2528 213 2605 feras
236 2538 341 2640 inquit
369 2554 444 2603 ante
470 2538 615 2620 hominis
641 2540 910 2631 generationem,
947 2532 1048 2634 idque

44 2638 80 2705 his
92 2632 220 2706 ollendit
230 2638 266 2705 in
285 2628 373 2703 sexta
387 2630 451 2705 die.
499 2636 549 2705 Et
563 2635 674 2705 dixit.-
699 2636 864 2705 Producat
873 2648 963 2706 terra
978 2641 1047 2707 orzi·
1156 2678 1158 2683 ν

44 2759 104 2803 urum
119 2739 280 2815 uiuentem,
294 2735 465 2830 secundnm
474 2724 844 2833 genus,‚quadr¹tlprda,
870 2748 901 2805 ct
919 2736 1048 2827 reptilia
1161 2786 1163 2788 -

44 2833 178 2928 nbrjlior.
230 2839 340 2933 Qare
358 2838 457 2928 igitur
475 2831 684 2925 aliasbestias
705 2858 794 2905 nunc
810 2828 951 2917 format,
976 2858 1048 2904 non

44 2952 185 3005 contentus
208 2934 392 3029 prioribus?
417 2930 606 3005 Dicendum
627 2931 796 3003 moraliter
814 2928 947 3029 quidem
964 2937 1050 3007 hoc:

44 3031 162 3129 locuples
179 3032 226 3103 est
246 3036 409 3128 prauitatis
422 3058 525 3131 genus
540 3038 576 3102 in
590 3035 745 3115 homine,
771 3027 855 3101 adeo
870 3050 905 3103 vt
919 3028 1049 3131 semper

44 3130 151 3227 pessima
172 3156 322 3229 quaeque
347 3135 382 3200 in
408 3126 478 3227 ipso
498 3149 705 3229 generentur.
764 3126 900 3223 Physree
914 3158 993 3204 vero
1011 3131 1049 3203 il·

44 3228 99 3301 lud:
128 3236 222 3303 ‘Prius
249 3227 386 3328 quidem
416 3237 452 3300 in
475 3257 576 3330 opere
595 3227 651 3303 sex
671 3226 800 3301 dierum
822 3242 941 3327 genera
969 3226 1048 3304 affe·
1106 3283 1119 3299 t

45 3333 133 3403 riuum
158 3350 188 3401 et
215 3328 303 3403 ideas
344 3322 472 3403 effecit:
510 3355 599 3436 nunc
628 3347 739 3400 autem
763 3326 883 3428 species
915 3326 1047 3404 format.

966 3426 1053 3503 Ideo-

44 3581 70 3660 a)
86 3587 114 3647 In
128 3584 267 3646 addendis
284 3585 327 3645 ita
350 3556 500 3665 distinguit
519 3588 564 3653 M.
581 3610 584 3613 ⁴
602 3571 780 3664 γενέσεως,
810 3566 855 3648 ὦς
874 3562 934 3667 καὶ
947 3554 1066 3659 ¹clerieo?

71 3657 117 3741 ld
132 3660 251 3753 τέτων,
276 3668 308 3738 ἒν
327 3666 421 3754 ἕκτῃ.
479 3679 563 3742 Arte
589 3676 717 3741 bominis
737 3678 982 3762 generationem,
1015 3681 1048 3743 in

66 3764 140 3847 sexto
153 3764 211 3843 die,
224 3760 348 3844 ficunt
365 3762 414 3825 his
424 3762 561 3861 lostam.
1088 3780 1090 3785 “

44 3935 70 4017 r)
85 3942 140 4023 MS.
155 3938 339 4024 Μεάοκφησι
377 3946 381 3951 ’

76 4099 191 4198 Tomi,
479 4079 496 4191 ’Δ
580 4092 618 4185 N
675 4157 684 4187 z
