2609 4817
255 286 331 367 nn
362 251 552 367 sivum
584 281 840 361 orificio.
896 302 900 309 ·
991 222 1074 365 ¹ii

41 450 175 535 sensibile
194 458 373 557 quicquam
385 449 679 553 reprehensionise
723 446 879 539 erasme,
904 448 1077 554 quodnois
1181 444 1187 463 ’

42 561 224 655 archetypae
249 575 282 627 et
306 554 504 653 intelligibili
531 552 624 629 ideae
649 551 860 653 repondeat,
892 554 1075 653 postquam
1141 584 1145 615 ι

43 657 174 731 decreuit
191 653 356 744 visibilem
379 659 509 729 huncce
531 651 699 727 mundum
717 651 881 743 condere,
904 659 992 753 prius
1007 649 1077 727 for·

44 761 131 832 inanit
152 752 370 829 simulacrum
398 760 466 847 ejus
487 753 714 854 intelligibile,
739 752 826 827 vtad
840 780 936 829 exem
959 752 1008 827 lar
1024 758 1076 827 in·

43 861 181 953 corporei
200 861 348 957 Deoque
366 851 538 939 fimilliir'ii,
563 880 763 953 corporeum
776 858 866 927 hunc
883 781 1075 941 absisteret.

43 962 219 1054 antiquioris
236 963 387 1056 imaginis
396 960 562 1028 ‘recentius
578 952 802 1039 ssmulacrum,
826 952 966 1028 totidem
984 980 1078 1027 come

42 1057 205 1160 plexurum
220 1052 382 1130 sensibilia
393 1080 526 1154 genera,
550 1074 632 1154 quot
649 1052 882 1155 intelligibilia:
909 1052 1077 1129 mundum
1123 1105 1126 1112 ·

43 1176 139 1230 :utem
160 1155 261 1230 illum
284 1162 399 1255 quiex
421 1153 502 1229 ideis
524 1153 661 1239 constat,
685 1150 777 1231 nesae
790 1154 926 1249 estloeo
945 1154 1014 1249 ullo
1028 1150 1079 1227 di·

44 1255 136 1330 tendo
169 1254 392 1355 cogitandoue
417 1250 707 1329 circumscribere:
748 1281 815 1357 quo
839 1274 949 1329 autem
970 1248 1079 1329 niodo

44 1377 154 1443 creatus
173 1357 241 1441 est,
266 1352 428 1440 sciemus,
452 1353 479 1428 fi
499 1352 777 1429 considerabimus
802 1353 945 1455 aliquam
963 1378 1080 1429 rerum

43 1457 214 1533 noſtrarum
236 1453 497 1529 similitudinem.
572 1462 711 1558 Quoties
736 1452 908 1528 condenda
936 1454 982 1527 est
1000 1453 1081 1537 urbs

8 1625 9 1628 ,
45 1558 136 1657 aliqua
149 1585 229 1631 cura
246 1562 334 1655 regis
349 1556 483 1647 alicujus
499 1574 555 1627 aut
571 1560 785 1653 imperatoris¹
800 1560 856 1655 qui
869 1551 1001 1629 summo
1015 1558 1081 1627 ime
1169 1578 1173 1582 ·

44 1663 122 1758 perio
146 1653 268 1743 fretus,
303 1656 483 1755 magnifico
509 1660 647 1753 ingenio
682 1652 853 1729 fortunam
891 1655 1082 1741 ostentaret,
1215 1718 1219 1727 ,

44 1756 156 1859 praello
173 1757 221 1829 esi
233 1762 397 1856 quispiam
414 1762 534 1852 peritus
549 1759 834 1841 architesioiiicae,
858 1761 915 1853 qui
930 1774 1080 1829 castem-

61 1860 133 1933 latus
146 1856 215 1930 loci
229 1860 511 1958 opportunitatem
531 1874 565 1927 et
575 1850 818 1953 salubritatem
831 1861 978 1955 primum
993 1859 1079 1931 intra

44 1886 284 2058 seipsumpaites
297 1952 427 2039 futurae
439 1956 524 2029 urbis
537 1952 786 2053 propemodum
794 1982 913 2029 omncs
923 1952 1079 2040 delineat,

44 2057 163 2156 templa,
187 2053 383 2157 gymnasia,
407 2061 533 2139 curias,
556 2050 651 2141 fora,
675 2076 810 2154 portus,
835 2054 985 2141 naualia,
1010 2061 1078 2129 viat

46 2164 230 2257 angiportus,
253 2163 470 2233 moeniorum
493 2155 689 2229 brunnam
712 2176 745 2229 et
764 2154 991 2231 aedificiorum
1007 2168 1078 2229 tam

45 2267 234 2359 priuatorum
252 2284 356 2357 quam
410 2255 598 2329 ublicorum
622 2252 741 2329 snum:
775 2252 896 2332 deinde
915 2252 1076 2354 impressit

47 2359 167 2431 velutin
182 2382 296 2430 ceram
311 2363 349 2429 iii
383 2382 466 2431 uum
478 2360 631 2429 animum
646 2352 850 2457 singularum
870 2382 982 2429 rerum
996 2362 1078 2429 ima·
1097 2367 1098 2378 ¹

47 2460 169 2557 ginibus,
194 2457 453 2556 effingit,vrbem
465 2454 729 2554 intelligibilem:
754 2462 845 2550 cujus
864 2454 1012 2555 effigiem
1028 2462 1078 2529 in·
1127 2532 1128 2537 ,

48 2580 110 2632 nata
121 2561 295 2631 meamne
314 2561 499 2641 memoria,
523 2576 619 2673 atque
643 2546 688 2629 ita
710 2556 871 2730 impressis
892 2554 950 2629 sibi
972 2560 1080 2656 magis

48 2665 131 2731 stiam
143 2656 347 2750 fimulacris,
371 2675 406 2729 vt
420 2657 528 2729 bonus
549 2653 677 2741 artifex,
702 2656 743 2731 ad
769 2658 858 2731 eniel
870 2654 1078 2756 propositum
1159 2719 1161 2727 ,

49 2758 200 2856 exemplar
218 2754 415 2859 respiciens,
445 2757 561 2829 vrbem
580 2754 725 2832 condere
753 2764 908 2858 incipite
939 2753 1019 2831 saxis
1045 2772 1081 2853 et

22 2925 27 2935 .
51 2865 179 2947 materie,
202 2862 407 2955 incorporeis
421 2855 486 2929 illis
503 2855 584 2929 ideis
599 2855 742 2955 singulas
766 2863 873 2956 operis
888 2877 994 2955 partes
1008 2854 1079 2929 alsi·

6 3017 7 3020 ,
52 2959 159 3031 milani.
192 2956 326 3031 Eodem
337 2954 446 3031 ferme
461 2954 567 3029 modo
580 2954 623 3029 de
633 2961 710 3033 Deo
723 2954 929 3035 sentiendum
945 2957 1002 3042 est,
1019 2962 1078 3057 qui

51 3060 95 3131 rbi
116 3058 259 3131 decreuit
276 3063 449 3156 ingentem
472 3061 558 3130 hanc
581 3058 698 3129 vrbem
724 3057 880 3143 condere,
905 3064 994 3155 prius
1009 3054 1079 3133 for·

53 3185 109 3231 mas
127 3164 192 3251 ejus
214 3163 395 3256 concepit:
428 3158 606 3255 exquibus
632 3158 807 3257 postquam
833 3156 1078 3256 intelligibilem

53 3257 197 3333 muudum
219 3258 407 3343 constituit,
430 3253 473 3330 ad
493 3256 583 3333 illius
604 3256 775 3359 exemplar
786 3255 974 3337 sensibilem
985 3262 1079 3335 buno

6 3405 7 3410 ,
828 3396 831 3402 ·
887 3404 892 3411 ·
962 3354 1078 3434 condi·
1112 3358 1122 3365 “

55 3500 84 3580 p)
100 3475 152 3584 mil
167 3509 255 3572 deest.
266 3507 326 3569 Ed.
343 3506 448 3571 Franc.
467 3518 497 3568 ct
513 3506 582 3567 Par.
622 3506 658 3569 Ρ.
720 3518 723 3527 ’
980 3522 985 3533 ·
1052 3512 1057 3527 ’
1150 3471 1155 3492 l

57 3602 85 3682 q)
99 3617 153 3664 riti
171 3608 250 3667 deest
268 3606 328 3665 Ed.
342 3604 447 3666 Franc.

56 3702 81 3778 r)
96 3683 221 3767 ἕκαίςων.
246 3700 353 3765 Franc.
368 3704 464 3765 Paris·
478 3701 578 3763 Turn·
619 3703 654 3764 Ρ.
1182 3772 1186 3789 ‚

58 3802 84 3879 s)
100 3779 360 3905 reverendiss
380 3805 493 3864 addunt
510 3777 696 3884 εὐκρασίαν
709 3802 759 3869 Fr.
770 3802 837 3866 Par.
855 3802 1030 3866 :teon-A:
1043 3794 1085 3873 tt·

58 3898 83 3979 t)
99 3899 260 3964 enecate?
274 3910 306 3968 in
326 3906 428 3967 editis.
529 3941 535 3955 ·
943 3970 949 3979 ,
1066 3920 1089 3987 ,g

58 3991 197 4091 ubtittiqi
213 4008 300 4070 MSS.
315 4001 399 4065 Coll·
415 4001 501 4063 Nov.
522 4016 553 4063 et
564 4002 637 4067 vat.
653 4018 690 4070 vt
705 4014 736 4065 et
751 3992 923 4082 christoph.
959 4006 1021 4070 Sed
1033 4006 1079 4073 iit

43 4112 52 4131 .
88 4094 255 4152 mutandum.
503 4104 507 4111 '
943 4108 945 4111 ·

62 4183 87 4261 1)
104 4162 201 4254 aba
218 4188 266 4250 rr.
285 4188 353 4248 rai.
376 4196 408 4245 et
423 4184 505 4247 cos.
521 4184 572 4249 A:
601 4184 637 4249 a.
717 4216 721 4227 ·
