2609 4817
244 304 310 371 ,ιι
370 254 373 263 ’
422 347 425 353 ,
522 274 753 356 raonis
778 274 994 354 nunnus

9 508 17 523 .
42 540 50 553 ¹
75 564 80 571 .
146 418 161 443 ἡ
251 453 364 535 duro
356 446 397 545 *)
423 444 581 525 Eusebio
600 449 693 525 teste
711 448 777 541 k),
801 416 1045 545 scripserit,
1020 469 1117 542 uque
1140 447 1264 528 dudum
1292 451 1293 460 '

249 570 452 673 perierint3
482 572 616 649 horum
643 570 798 668 congessi
821 576 1019 668 fragmenta
1041 595 1086 645 ex
1116 557 1267 647 iohanne

250 693 478 777 Damasceno
509 710 548 770 et
575 696 715 771 Codice
748 694 890 767 inedito
918 695 1065 774 alterius
1092 693 1268 783 Iohannis,

241 830 370 913 'eaque
390 816 527 921 exstant
547 817 635 893 Vol.
655 816 702 891 ΙΙ.
730 841 767 914 p.
781 819 866 907 646.
918 816 1109 908 Denique,
1129 811 1270 907 nequid

252 940 379 1036 operis
397 940 595 1035 integritati
626 939 784 1030 deesset,
818 937 936 1030 capita
963 937 1104 1032 integra
1119 936 1270 1011 Philonis

252 1082 329 1143 nna
352 1082 434 1138 cum
461 1081 573 1135 aureo
595 1062 640 1135 de
663 1058 895 1155 prouidentia
914 1059 1039 1132 libello
1067 1044 1114 1131 ‘err
1135 1058 1270 1133 Eusebii

253 1180 533 1279 Praeparatione
575 1183 782 1281 euangelica
819 1181 892 1255 huc
919 1181 1090 1283 consulis
1134 1181 1271 1257 adicitis

219 1354 221 1359 ,
249 1304 399 1399 insuper
417 1302 609 1381 ,sententiis
628 1326 673 1379 ex
689 1294 1185 1397 Antonio,'fragmentisque
1205 1304 1273 1378 aliis

191 1464 195 1473 ¹
254 1448 336 1515 pon
356 1425 654 1515 contemnendis,
682 1442 720 1499 et
748 1425 817 1501 iam
848 1424 999 1518 primum
1027 1424 1163 1517 editis,
1206 1440 1275 1501 tum

159 1536 163 1541 ¹
259 1572 306 1625 ex
335 1546 476 1623 Codice
507 1544 732 1620 Barocciano
761 1545 855 1639 Nro
862 1567 961 1639 143.
994 1544 1030 1619 in
1058 1546 1278 1623 Bibliotheca

245 1670 481 1760 ¹Bodleiana,
520 1680 597 1742 tum
637 1690 683 1740 cx
717 1666 855 1741 Catena
891 1665 1027 1748 inedita
1064 1668 1158 1746 Cod.
1194 1669 1275 1765 ch.

253 1792 353 1871 Nro.
381 1802 488 1881 1825.
529 1788 566 1861 in
592 1788 819 1862 Bibliotheca
855 1786 964 1882 Regis
998 1788 1279 1869 christianissimi.

197 1954 201 1969 ·
260 1916 378 2011 Spero
400 1933 488 2008 ergo
505 1932 564 1987 me
581 1906 688 1984 fidem
709 1906 895 1982 ahsoluiffe
915 1930 1018 2001 quam
1044 1913 1141 1984 orbi
1148 1913 1280 1986 littera·

259 2051 304 2117 to
336 2036 528 2124 dederam,
556 2054 638 2124 me,
675 2031 796 2106 omnia
822 2029 981 2116 Philonis
1011 2052 1102 2132 quae
1122 2036 1281 2123 inueniri

253 2171 457 2283 pptepant,
477 2156 708 2299 editurum.

240 2364 263 2447 ,’
358 2370 417 2449 De
446 2367 617 2445 editionis
648 2315 793 2439 nostrae
821 2365 966 2442 ratione
997 2369 1108 2461 haec,
1139 2366 1282 2463 Lciior,

262 2493 388 2607 paucis
413 2491 560 2586 accipe3
588 2488 725 2581 ubique
749 2458 886 2578 sequor
903 2489 1102 2565 editionem
1124 2490 1286 2568 Parissen·

125 2599 127 2603 ⁵
227 2610 338 2725 ‚sem
360 2610 524 2695 Philonis
550 2619 702 2705 operum
729 2609 812 2682 anni
846 2614 952 2699 1640.
1003 2615 1108 2713 Quae
1144 2616 1285 2707 quidem

262 2733 387 2831 'quoad
420 2747 561 2806 textum
587 2732 758 2807 nonalia
790 2730 841 2807 est
871 2734 915 2805 ab
950 2733 1130 2809 editione
1138 2730 1285 2809 Adriani

254 2834 507 2993 ffirmabi)
448 2850 507 2949 ⁴¹¹)
518 2904 531 2949 ,
559 2867 717 2957 excepto
742 2854 843 2996 quod
865 2854 986 2932 addita
1009 2854 1060 2930 est
1075 2857 1287 2955 sigismundi

994 2974 1006 2989 ⁸
1147 2976 1289 3055 Gelenii

123 3240 128 3255 .
218 3199 220 3205 ’
314 3182 495 3274 uniunt
519 3182 576 3260 lias
601 3178 827 3279 quaestiones,
848 3201 1110 3251 anmnucrvs
1139 3186 1172 3249 in
1201 3182 1289 3250 Com·

220 3352 225 3359 ,
367 3286 527 3355 menteriis
555 3274 594 3349 de
608 3272 700 3348 ΒίΙιῙ.
720 3282 974 3362 Vindobonenss,
1000 3269 1053 3351 sed
1074 3299 1194 3353 tantum
1220 3308 1291 3371 quo·

353 3389 403 3453 ad
428 3387 573 3451 titulum:
594 3403 675 3467 opor
694 3384 791 3461 ipsum
809 3406 847 3449 er
863 3384 979 3451 Codice
1003 3388 1105 3472 periit.
1123 3391 1189 3459 rid.
1204 3390 1291 3455 Corn·

263 3526 268 3547 .
368 3499 468 3555 ment.
494 3486 587 3553 Toni.
600 3485 656 3551 ΠΙ.
683 3504 797 3570 prro.
814 3490 871 3554 ud.
894 3487 1035 3561 Kollrrii.
1082 3490 1123 3593 s}

263 3634 265 3639 ’
319 3630 356 3723 Β)
375 3633 456 3713 mu.
482 3632 568 3699 Eccl.
592 3629 627 3697 1..
643 3628 685 3696 ΙΙ.
714 3652 744 3697 c.
755 3630 805 3699 16.
882 3682 885 3685 «

263 3772 382 3861 ’Βῆ
395 3778 464 3846 Nee
485 3782 523 3846 ab
547 3800 603 3856 ee,
626 3797 706 3864 quae
719 3746 919 3849 Frcnoosurti
940 3782 1030 3863 1691.
1056 3779 1182 3861 prodiit.
1207 3778 1293 3857 Quae

260 3906 265 3917 ·
355 3880 469 3969 igitur
490 3884 531 3962 Βο
553 3878 695 3950 uuiti·
684 3902 719 3951 ιιι
748 3883 837 3959 potis
859 3893 896 3954 ct
919 3879 1137 3972 Mangeirnia,
1149 3884 1293 4071 ςῙοιῑιιιίιὲᾙ
