2609 4817
255 268 892 393 tuor'sntuuoonrnnvu.
1016 298 1088 370 ης
1157 264 1160 277 ’

60 442 175 533 serunr3
200 440 286 526 dum
304 450 471 520 Dominus
489 430 572 518 etse
599 465 631 516 et
645 470 696 516 res
717 462 835 516 creatas
851 438 1011 515 ostendit:
1041 438 1088 515 se·

59 543 152 645 ipsum
168 543 319 643 quidem,
343 544 433 647 quod
447 552 605 619 immotus
620 544 701 616 stetit
723 542 866 641 semper:
901 570 952 615 res
967 563 1087 618 creatae

60 667 168 729 autern,
183 644 276 744 quod
292 650 357 718 huc
373 668 468 747 atque
482 646 559 719 illuc
578 650 737 742 agitantur
747 650 778 716 'et
793 649 827 715 in
845 647 1003 716 contraria
1017 664 1087 715 ver-¹
1151 651 1156 665 ’

59 766 137 846 gunt.
185 750 243 818 Ait
269 750 360 818 enim
383 751 523 819 ducentis
548 761 578 818 tr
591 770 655 837 per
666 746 869 839 stilitudiutm
892 768 1040 842 mogtmm
1057 750 1088 815 tl

58 846 217 919 terribilem
232 849 337 930 ilum,
363 848 553 943 ubisrrptm
573 848 719 917 mordens
737 846 940 942 usurpatum
964 859 995 915 et
1018 848 1087 937 dipn

50 950 110 1044 sut,
129 948 179 1015 nti
195 972 261 1016 non
274 962 344 1018 erat
354 974 453 1044 aqua:
478 950 632 1018 educentis
647 950 706 1016 tibi
717 950 860 1039 depetrtt
869 938 1087 1039 tirasonam

58 1071 152 1142 oquae,
176 1050 311 1118 tibontit
326 1061 357 1118 te
372 1074 487 1120 manna
508 1053 542 1119 in
549 1048 724 1143 solitudine
737 1075 749 1118 :
796 1048 861 1116 uod
871 1071 934 1115 nott
943 1046 1087 1141 sciebant

51 1160 153 1241 patret
168 1150 229 1217 lui.
279 1144 380 1220 Vides
406 1144 496 1247 quod
517 1174 588 1219 non
606 1141 714 1218 solum
734 1071 795 1216 ais

56 1267 105 1346 pto
134 1266 290 1344 appetens
312 1252 424 1318 anima
443 1244 555 1319 incidit
576 1251 611 1317 in
638 1240 822 1345 serpentes,
847 1270 963 1317 verum
986 1250 1085 1317 eriam

75 1344 174 1416 uando
197 1351 234 1417 in
252 1342 378 1418 deserto
399 1347 465 1431 est,
500 1344 704 1419 mordetura
725 1346 911 1445 voluptate,
942 1350 1032 1415 vario
1053 1363 1086 1416 et
1134 1372 1138 1379 ·

56 1372 229 1543 serpentino
253 1442 385 1519 affedlu.
453 1450 605 1521 Maxime
627 1464 738 1517 autem
760 1448 931 1544 proprium
959 1450 1085 1542 accepit
1136 1526 1139 1537 y

56 1572 169 1618 nomeu
187 1545 361 1645 voluptatis
384 1572 485 1645 opus:
516 1544 643 1620 morsus
660 1550 750 1616 enim
764 1566 906 1617 vocatur.
955 1550 998 1617 At
1014 1571 1085 1616 non

55 1640 148 1716 solum
172 1651 231 1743 qui
253 1652 289 1717 in
311 1642 437 1719 deserto
460 1643 551 1733 sunt,
582 1644 777 1744 avoluptate
794 1642 1004 1727 mordentur,
1028 1670 1083 1716 ve·
1129 1721 1133 1729 ¹

54 1772 118 1816 rum
140 1750 240 1817 etiam
263 1749 321 1846 qui
343 1742 482 1845 disperss.
549 1751 624 1845 Ego
651 1750 774 1817 etenim
796 1742 918 1843 saepius
942 1741 1082 1816 derelin-

55 1871 143 1943 quens
155 1848 311 1918 homines
327 1867 483 1945 cognatos
508 1868 541 1917 et
560 1853 684 1917 amicos
703 1865 735 1916 et
751 1850 907 1943 patriam,
933 1864 965 1915 et
982 1849 1017 1913 in
1033 1838 1082 1915 so·

54 1943 215 2016 situdinem
237 1952 389 2031 venient,
413 1967 448 2019 vt
468 1944 548 2045 quid
568 1943 848 2042 contemplatione
868 1941 1007 2043 dignum
1028 1969 1083 2015 co÷

54 2051 155 2143 giem,
179 2044 264 2115 nihil
278 2044 356 2118 inde
372 2046 511 2139 utilitatis
533 2053 623 2145 cepi:
653 2042 708 2117 sed
735 2072 829 2117 mens
845 2038 1003 2141 dispersa,
1027 2062 1083 2114 aut

52 2140 158 2216 affellu
179 2141 307 2230 morsa,
331 2142 452 2217 secessit
482 2151 517 2217 in
533 2150 700 2217 contraria.
750 2139 919 2215 Interdunl
946 2146 1082 2215 veroin

1 2313 3 2321 ,
53 2243 165 2315 infinita
194 2244 406 2319 multitudine
431 2242 605 2317 solitudine
624 2272 683 2342 per
702 2252 851 2315 animum
874 2238 984 2341 fpuor3
1013 2246 1080 2313 ani·

52 2371 116 2415 mae
138 2345 269 2417 turbam
288 2344 457 2443 dissipante
472 2349 572 2430 Deo,
604 2366 636 2418 et
649 2344 789 2417 docente
805 2371 880 2428 me,
907 2339 996 2443 quod
1011 2366 1083 2415 non
1106 2394 1112 2409 .

52 2442 191 2515 locorum
223 2440 425 2517 differentiae
452 2444 506 2517 vel
532 2440 693 2518 bonnuel
719 2442 805 2515 mala
828 2444 1003 2525 efficiunts
1027 2436 1084 2513 sed

1 2543 2 2550 '
52 2547 129 2615 Deus
144 2570 288 2616 mouent
310 2565 342 2616 et
356 2572 455 2645 agens
480 2572 673 2645 quacunque
689 2544 828 2617 voluerit
844 2549 972 2615 animae
988 2545 1078 2611 vehi·

52 2642 160 2715 culum.
213 2650 402 2750 Qinetiam
430 2642 542 2717 incidit
567 2650 602 2716 in
622 2642 810 2742 scorpium,
835 2641 924 2743 quod
946 2638 1082 2741 quidem
1105 2732 1108 2739 Δ

53 2741 90 2812 est
109 2739 263 2841 dispersio
283 2747 319 2817 in
345 2741 537 2835 solitudine3
571 2763 603 2815 et
624 2742 688 2819 fitis
706 2740 886 2817 offelluutn
901 2744 1080 2841 apprehen·

1 2915 2 2922 χ
51 2840 105 2925 dit,
133 2840 347 2943 quoadusque
366 2839 458 2918 Deus
481 2865 672 2945 praeruptae
693 2842 766 2916 suae
785 2840 956 2942 sapientiae
983 2835 1078 2911 scate-

50 2942 129 3013 bram
141 2939 324 3029 immiserit,
349 2965 382 3018 et
394 2944 599 3017 vacillantem
615 2944 762 3016 animam
784 2948 937 3041 rigauerit
958 2946 1079 3013 immu-

50 3042 126 3114 tabili
139 3038 294 3140 sanitate.⁸
317 3048 505 3143 *Praerupta
520 3048 611 3115 enim
632 3064 743 3145 petra,
767 3048 832 3116 Dei
850 3038 1002 3142 sapientia
1020 3039 1077 3123 est,

1 3219 2 3222 Ἴ
50 3168 136 3240 quarn
156 3138 333 3223 sublimem
355 3149 548 3243 et.pritnam
572 3151 727 3219 omniurn
751 3140 883 3215 abscidit
900 3137 962 3243 suia
978 3137 1076 3239 ipsius

1 3325 2 3328 Ἴ
50 3247 208 3339 potentiis,
243 3242 286 3317 de
306 3272 370 3347 qua
391 3248 456 3319 Dei
477 3264 624 3317 amantes
651 3251 776 3316 animas
798 3250 889 3342 rigat.
940 3244 1076 3337 Rigatae

575 3348 649 3438 1²3
994 3366 1075 3433 veto

48 3537 76 3622 t)
97 3546 282 3609 Geminabit
301 3546 390 3608 habet
405 3549 507 3608 noster
519 3539 599 3609 infra
612 3566 643 3623 p.
661 3561 711 3625 93·
731 3546 765 3607 it.
785 3544 854 3617 176.
897 3543 1074 3605 Notandum
1160 3616 1163 3621 ¹

1 3649 3 3659 ·
79 3630 163 3706 igitur
182 3630 348 3692 Auderem
366 3629 422 3691 soli
445 3628 533 3707 Logo
554 3631 625 3691 alibi
646 3631 778 3691 tribuere
797 3626 874 3689 hanc
894 3626 1075 3701 appellatio·
1135 3674 1140 3690 s

79 3728 154 3784 ncrn,
175 3715 207 3773 in
222 3712 282 3776 hoc
297 3714 382 3784 loco,
403 3712 471 3774 Deo
487 3727 519 3776 et
533 3711 622 3790 Lego
637 3711 832 3773 coniunctim.
875 3708 1074 3769 Luculentum

78 3811 148 3855 vero
174 3807 379 3872 argumentum
403 3813 459 3868 pro
478 3794 651 3857 orthodoxa
670 3795 728 3857 fide
750 3790 928 3865 ascriptore
950 3790 1072 3851 Iudaico

78 3874 122 3934 hic
147 3877 372 3951 suppeditatur,
410 3879 593 3938 existentiam
612 3879 691 3939 eninr
722 3874 808 3933 aliam
828 3876 920 3950 longe
941 3888 957 3931 a
982 3875 1077 3933 rebus

1 3957 2 3964 ’
78 3962 192 4032 creatis,
212 3963 397 4047 eandemque
411 3978 477 4023 cunr
489 3962 569 4034 Deo,
591 3963 681 4038 Logo
693 3958 808 4019 tribuit.
827 3956 919 4053 'an
935 3972 1010 4015 vero
1025 3972 1075 4013 re·

77 4053 157 4127 spicit
178 4057 292 4156 'suidas
322 4070 346 4115 ν.
370 4039 414 4118 ri.
446 4071 534 4136 atque
561 4058 603 4119 ibi
629 4075 688 4133 pto
716 4064 931 4138 ’γενικωτεξον
957 4066 1073 4127 repone

76 4162 307 4235 γενικωτοιτονΙ

780 1145 914 1219 edluum
927 1150 963 1216 in
974 1148 1086 1244 Aegy·
1202 1170 1206 1183 “
