2609 4817
251 248 318 325 na
353 252 541 350 Mvuur
572 244 822 327 orirrcro.
989 274 1056 346 ιος
1172 209 1175 225 ’

58 420 173 501 mortalis
195 417 514 519 constitutio-capere
537 438 672 518 poterat.
729 420 794 491 Vbi
819 446 898 500 vero
918 414 1059 495 formata

57 526 91 597 ess
106 520 264 623 etmuliep,
289 515 489 618 conspicatus
504 546 700 619 germanam
724 516 866 618 speeiem
890 540 922 592 et
940 546 1059 620 cogna-
1100 606 1106 617 1

56 646 106 698 tan
124 617 275 703 sunnam,
306 616 434 717 gauisus
460 646 502 693 eo
527 616 733 719 spehaculO,
758 628 792 693 &
812 618 968 693 accedens
985 634 1059 693 eam

55 721 211 817 complexus
236 718 301 808 (τῆς
341 740 380 791 at·
395 720 451 792 illa
472 748 550 792 cum
573 718 703 793 nullum
718 720 839 792 animal
860 718 980 793 videret
1000 718 1059 793 fibi

53 820 176 905 stulius,
199 819 257 892 illo
272 818 425 904 laetatur,
450 848 488 891 ac
501 842 688 893 reuerentes
713 820 907 917 compellat:
937 818 1059 893 deinde

52 923 246 1013 superueniens
263 946 371 1003 amor,
396 940 550 1019 tanquam
568 927 662 994 vuius
678 920 825 993 animalis
842 918 910 993 duo
924 918 1060 993 dimidia

51 1030 119 1126 prius
139 1018 289 1093 distantia»
303 1018 441 1093 colludia
470 1042 548 1092 tunc
573 1028 608 1093 iu
630 1048 734 1095 vnum
761 1027 934 1121 coaptauit,
961 1018 1060 1093 indita

51 1129 95 1197 nri
114 1146 149 1193 ue
161 1118 311 1217 cupidine
332 1116 492 1219 gignendi
515 1119 658 1194 similem
680 1120 811 1219 prolem
833 1146 893 1220 per
909 1142 1061 1195 mutuam

51 1149 307 1296 conluemdinem:
333 1245 372 1290 ea
393 1218 513 1317 cupido
531 1226 630 1293 etiam
656 1246 836 1319 corporum
859 1220 1061 1320 voluptatem
1162 1295 1180 1316 ,υ

50 1328 154 1423 peperit
200 1316 298 1391 Vnde
324 1319 371 1390 esl
403 1326 498 1418 origo
518 1327 727 1420 iniquitatum
754 1340 786 1392 ct
807 1320 1061 1406 maleficiorum,

50 1451 96 1523 qua
114 1418 227 1491 inducti
246 1426 349 1491 vitam
368 1420 497 1491 beatam
513 1443 552 1507 ,et
578 1420 804 1495 immortalem
827 1449 905 1495 cum
928 1420 1061 1497 mortali

50 1518 195 1597 etinselice
213 1540 470 1593 commutarunt.

104 1728 174 1795 Viro
189 1740 303 1804 autem
319 1718 426 1793 adhuc
435 1715 610 1791 solitariam
622 1725 724 1792 vitam
741 1717 893 1819 degente,
918 1716 1061 1793 necdum

47 1821 160 1897 sarmata
180 1821 333 1904 muliere,
358 1815 518 1917 paradisus
535 1846 554 1888 a
574 1822 651 1891 Deo
666 1819 826 1919 plantatus
840 1818 976 1906 dicitur,
1002 1848 1061 1893 110·
1109 1889 1113 1899 ,

47 1925 102 2015 iliis
112 1929 155 1995 his
170 1947 380 2021 nequaquam
404 1917 538 2008 similis3
570 1918 760 1993 nostrorum
776 1927 866 1992 enim
886 1928 1061 1993 inanimata

45 2021 115 2117 sylua
131 2022 184 2107 est,
207 2021 378 2093 arboribus
395 2019 493 2117 plena
507 2025 707 2117 omnigenis,
733 2021 802 2093 aliis
816 2018 943 2121 semper
957 2027 1062 2095 viren-
1103 2079 1106 2085 .

10 2157 11 2160 “
46 2127 108 2197 tibus
119 2119 155 2195 ad
168 2140 361 2220 perpetuam
375 2116 457 2191 visus
471 2119 739 2204 obledlationem,
764 2121 833 2193 aliis
857 2110 967 2221 priino
985 2147 1061 2193 vere

44 2218 263 2323 pubescentibus
275 2248 313 2291 ac
334 2220 612 2318 germinantibus:
637 2216 765 2293 rursum
784 2222 853 2293 aliis
878 2222 972 2297 mites
995 2218 1062 2295 fru-

45 2328 97 2396 dus
110 2330 139 2393 in
150 2318 244 2394 usum
267 2326 452 2396 humanum
471 2315 660 2417 serentibus,
686 2348 757 2393 non
774 2319 878 2392 modo
897 2320 938 2393 ad
953 2316 1062 2394 neccs-

43 2421 97 2497 sarii
108 2425 165 2495 cibi
181 2418 301 2506 vsum,
323 2416 379 2491 sed
402 2417 492 2491 etad
511 2415 686 2517 superfluas
705 2420 884 2519 voluptates
905 2428 989 2495 vitae
1007 2419 1062 2495 de·

43 2525 185 2597 beatioris:
212 2522 285 2594 aliis
300 2519 450 2621 agrestes,
474 2527 531 2619 qui
541 2516 717 2593 necessario
727 2517 803 2593 feris
818 2521 1063 2621 relinquuntur:

9 2666 10 2672 κ
42 2648 66 2696 at
76 2630 133 2697 Dei
151 2619 316 2721 paradisus
337 2626 493 2691 animatas
518 2644 636 2691 omues
650 2622 780 2695 arbores
801 2622 899 2695 habet
923 2628 1063 2695 ratione·

42 2752 89 2824 que
103 2721 269 2821 praeditas,
284 2748 424 2822 quarum
436 2717 560 2793 frudus
577 2726 709 2793 virtutes
722 2716 795 2794 sunt
810 2743 842 2793 et
857 2728 1062 2820 incorruptus

41 2825 199 2897 iutelledlus
229 2842 326 2921 atque
350 2816 519 2918 sagacitas,
558 2816 636 2918 quid
664 2840 757 2920 turpe
780 2819 837 2907 fit,
864 2820 942 2921 quid
960 2824 1063 2893 hone·
1122 2879 1125 2885 ,

40 2924 123 3009 ssurn,
146 2920 350 3005 diisfdicans',
376 2918 498 2993 adhaec
522 2923 587 2991 vita
616 2914 692 2991 sana
721 2944 753 2994 et
767 2921 1063 3020 incorruptibilitas,

41 3022 220 3124 etquicquid
240 3019 416 3094 estsunile.
467 3025 560 3093 Haec
582 3038 693 3091 autern
716 3018 922 3120 philosophia
941 3021 1063 3121 allego·

39 3131 90 3197 rice
112 3130 214 3223 magis
239 3150 342 3224 quam
365 3125 497 3221 proprie
517 3120 612 3217 loqui
642 3118 786 3220 videtur:
819 3123 948 3195 arbores
971 3128 1063 3198 enim

229 3254 235 3263 ⁷
553 3223 584 3292 G
614 3242 631 3312 ς
1025 3228 1062 3294 in

39 3389 299 3499 uma&

39 3522 63 3603 e)
79 3530 122 3588 Sic
143 3525 367 3601 Christophors.
386 3522 418 3583 in
444 3521 498 3581 suo
523 3521 639 3583 Codice
662 3523 735 3629 legit
767 3528 796 3583 e't
820 3524 886 3587 MS.
912 3525 1000 3587 Trin.
1031 3528 1062 3585 in

65 3628 205 3701 Margine.
248 3622 354 3721 (Editi¹
368 3594 425 3679 adt
441 3592 530 3703 d'u’x
544 3591 666 3699 ipsios,
693 3606 729 3679 ὃς
744 3596 956 3696 dampnatas.
983 3624 1063 3689 Cod.
1139 3691 1142 3701 Ι

68 3725 101 3782 Α.
114 3740 188 3783 vero
212 3716 306 3799 legit:
329 3696 594 3795 oioasvxp‘ttoet'os
606 3697 665 3779 τίν
682 3693 906 3801 d’rix'lpanov.
927 3718 981 3801 P.)

36 3834 245 3907 unstred.
271 3806 432 3919 διάφορον
451 3829 642 3909 praedarum
666 3834 688 3898 s.
714 3832 855 3893 exsenium
878 3838 969 3902 Sirac.
993 3835 1063 3910 VH,
1124 3842 1129 3859 ²

66 3948 107 4008 19.
128 3936 179 3995 vbi
196 3936 406 4009 reponendum
425 3905 584 4015 ὢαφὸθθ·
603 3932 668 4001 vid·
685 3931 818 4009 XXVII,
842 3953 880 4011 ,tr
1111 3944 1115 3951 '

35 4055 61 4139 g)
79 4064 124 4122 Sic
138 4080 197 4138 pro
218 4033 334 4127 Τέτων
353 4060 441 4123 Mss.
453 4061 525 4121 Vat.
545 4057 626 4135 Aug.
642 4071 673 4119 et
687 4053 794 4121 Christ.
