2609 4817
158 258 868 385 nnqntrlrr'orouucrontu
915 289 1047 349 xxxix
1115 267 1118 276 ’

30 430 91 524 rint
154 424 313 519 Vtinam
359 452 465 517 vero
499 440 695 535 scriptores
737 440 806 517 iam
851 443 1043 517 memorati

30 570 106 645 nulla
137 566 389 662 congellilsent
421 564 625 639 testimonia
651 564 713 635 vel
746 562 791 636 de
823 564 951 648 Verbo
975 543 1040 637 vel
1071 540 1076 567 ‘
1143 566 1149 587 ¹

15 688 195 762 'Trinitate
246 688 474 765 sacrosantla
524 688 568 758 ex
625 686 720 759 libro
772 689 887 781 vulgo
941 684 1042 759 diuo
1104 740 1108 747 -

33 812 151 895 Sohar3
190 811 419 901 quiquidem
445 828 517 883 tam
545 822 671 903 aperte
701 821 739 882 et
762 806 923 882 distinete
952 804 1043 883 fidet

34 930 183 1025 mysteria
215 933 385 1025 exprimit
415 934 519 1027 quam
556 930 675 1023 quiuis
710 928 928 1004 Christianus
957 928 1043 1003 scri·

31 1070 117 1149 ptor3
145 1044 231 1123 est
219 1074 312 1126 vero
337 1052 525 1129 manifesto
553 1074 645 1145 opus
670 1048 960 1144 supposititium,
988 1050 1042 1123 st·

30 1176 125 1273 ptimo
150 1173 296 1248 saeculo
322 1178 382 1248 vel
403 1138 522 1249 forsan
546 1172 682 1247 tardius
708 1172 924 1255 consiliunt
957 1172 1051 1247 non‘

32 1295 187 1369 Simeonis
213 1296 394 1369 lochiadis
419 1298 568 1390 sottus,
596 1294 657 1369 sed
683 1294 837 1369 Rabbini
858 1294 1041 1390 posterio-

31 1440 68 1489 ns
88 1419 186 1487 lucro
209 1417 401 1491 fernientls
425 1416 646 1513 figmentum.
713 1416 767 1491 Ex
789 1416 1040 1491 hocetCaln
1156 1408 1162 1413 ’

33 1538 172 1613 balisticis
199 1539 412 1631 quibusdam
434 1541 562 1615 libellis
588 1562 636 1614 eo
664 1536 801 1613 indulti
830 1539 912 1615 sunt
943 1559 1040 1615 non-

32 1660 120 1750 nulli,
146 1676 189 1759 nt
214 1660 366 1733 ludaeos
390 1674 473 1735 ante
496 1659 674 1737 Christum
703 1667 826 1734 natum
842 1657 1038 1737 Trinitatis
1181 1650 1187 1667 ⁸

34 1784 138 1879 dogna
158 1780 360 1876 recepilse,
392 1781 615 1873 assererent3
649 1791 780 1857 vetum
808 1780 1037 1858 certiffimu'tn

32 1904 88 1996 est,
123 1920 289 1979 eos'nec
322 1924 398 1976 rem
421 1927 492 1979 nec
527 1928 663 1983 nornen
696 1899 876 1992 reuolue,
913 1922 1037 1995 neque

30 2028 102 2101 adeo
121 2040 249 2101 tenere
274 2016 446 2118 potuisse„
495 2027 739 2127 Probntiooes
754 2022 884 2097 Trium
908 2022 1036 2097 Perso-

31 2170 128 2243 narum
154 2148 398 2239 Diuinarum,
417 2151 524 2224 nobis
547 2149 755 2224 Christianis
774 2145 906 2239 quibus
928 2144 1034 2220 Chri·
1120 2216 1123 2218 Α

30 2268 147 2371 stus-est
173 2268 269 2362 quast
295 2270 427 2359 clauis,
455 2271 609 2365 Spiritus
634 2290 783 2368 quoque
806 2260 953 2350 sanetus
969 2252 1036 2343 ¹lu·

32 2415 90 2465 cem
107 2392 278 2467 ministrat
286 2438 302 2484 ,-
322 2394 403 2469 satis
429 2416 474 2467 ex
493 2395 598 2469 Mose
624 2410 664 2468 er
684 2394 782 2467 libris
801 2387 1046 2486 propheticis,
1140 2470 1145 2483 x

29 2528 148 2607 patent,
182 2510 313 2589 verum
338 2519 399 2589 vel
428 2516 574 2610 prorsus
603 2516 783 2606 latebant,
808 2519 878 2589 ivel
901 2514 1032 2604 obseu-

31 2637 86 2709 rius
105 2635 394 2724 discernebantur
414 2634 662 2737 avulgaribu‘s
688 2638 841 2714 ludaeis.
892 2636 1029 2733 Myste-

32 2759 101 2831 rinn
123 2760 215 2833 enirn
243 2759 335 2835 istud
357 2762 525 2856 pietatis,
552 2738 699 2845 Christo
723 2760 838 2835 solum
862 2760 1030 2833 reuelan-

33 2896 62 2954 te
80 2896 109 2955 et
129 2882 265 2975 Spiritu
285 2882 320 2956 S.
343 2885 558 2976 adiuuante,
585 2899 665 2960 erat
685 2881 964 2980 praedicandum
986 2893 1029 2955 et

31 3002 257 3112 recipiendum.
325 3006 524 3081 Consensus
560 3008 672 3105 igitur
708 3003 1026 3081 vetustiffimorum

32 3122 241 3215 Snipturae
218 3112 471 3237 interpretum
498 3152 579 3204 cum
607 3128 757 3204 Philone
781 3129 915 3223 probat
941 3145 1026 3201 eunt

32 3263 86 3319 non
105 3240 323 3336 Platonem
345 3248 405 3327 sed
439 3250 646 3345 primaeuos
679 3250 798 3347 gentis
828 3251 910 3324 sune
939 3246 1024 3322 scri·

32 3382 125 3457 ptores
146 3366 256 3440 duces
283 3368 391 3461 senui.
452 3370 567 3491 Immo
592 3392 687 3445 vero
711 3393 789 3448 non
816 3369 946 3447 dubito
970 3370 1025 3447 es

32 3484 139 3563 lirntte
162 3462 350 3565 Platonem
370 3468 491 3584 ipsum
505 3515 550 3567 ex
576 3493 711 3569 eisdem
737 3492 926 3584 fontibus,
955 3490 1023 3575 sci·

34 3608 127 3681 litets
123 3609 286 3703 cripturis
311 3612 508 3703 Hebraeis,
531 3612 729 3689 dotlrinarn
747 3616 811 3709 περ
831 3612 913 3706 λέγω
934 3615 1023 3693 hau

34 3727 95 3807 stffe.
135 3728 216 3805 Earn
234 3754 329 3808 vero
356 3736 416 3807 vel
437 3735 536 3829 quod
560 3734 677 3810 minus
700 3736 934 3834 intelligeret,
955 3737 1021 3819 vel

34 3846 164 3927 usuam
188 3854 336 3947 prorsus
361 3856 521 3957 faceret,
555 3857 684 3933 mirum
709 3858 746 3933 in
772 3861 921 3937 modurn
941 3881 1020 3937 mu·
1104 3888 1121 3901 ·

35 3969 94 4045 ulle
116 3988 149 4049 et
172 3976 381 4117 corrupille.
445 3978 504 4053 De
538 3977 742 4083 Pythagora
773 3980 938 4062 diurnus
971 3990 1019 4056 er

318 4121 372 4153 ’·
480 4122 551 4193 eu
920 4104 1015 4181 Her·
