2609 4817
186 241 868 361 unnrsnmaoonrnnun.
1006 302 1076 377 ις,
1187 294 1196 311 ·

52 439 213 529 describit:
236 431 386 526 hae'sunt
408 449 593 523 indiuiduae
616 456 769 534 virtutes,
799 452 981 547 harumque
1002 472 1078 551 ope-

52 560 186 629 rationes
203 554 243 625 ‘et
264 556 353 627 redte
376 547 480 635 fath,
514 571 545 621 et
564 576 646 649 quae
673 548 824 622 dicuntur
837 546 923 646 apud
960 543 1078 623 hiloso

53 660 130 754 phos
153 651 284 734 officia:
315 657 377 723 hae
404 647 477 723 sunt
498 650 607 747 stirpes
630 647 765 747 paradisi
788 653 900 721 huius:
934 576 1079 731 describit
1160 705 1163 709 .

54 776 159 826 tamen
172 757 230 824 has
246 748 339 850 ipsae,
360 748 481 823 docens
500 748 588 847 quod
608 750 734 823 bonum
751 744 843 833 illud,
868 766 939 820 turn
954 745 995 819 ad
1010 742 1079 845 sper

54 850 206 927 dandum
220 872 293 924 tum
309 845 539 951 adfruendum
561 847 601 921 stt
614 846 926 947 praestantilfimum.
975 832 1081 949 Qua·

54 952 125 1025 dani
141 952 235 1062 quim
251 972 332 1023 artes
349 949 619 1047 conternplatiuae
640 946 734 1034 sunt,
751 976 824 1019 non
848 956 927 1020 item
947 952 1082 1032 adduae,
1198 982 1204 985 ·

55 1058 249 1151 geometria,
280 1050 496 1137 astronomia3
529 1046 691 1145 quaedam
714 1053 848 1133 adtiuae,
873 1068 904 1119 at
916 1074 986 1119 non
1005 1074 1082 1119 con-

54 1150 270 1251 templatiuae,
294 1178 343 1221 ars
362 1146 494 1229 fabrilis,
519 1153 660 1233 aeraria,
684 1169 716 1220 et
735 1149 907 1220 illiberales
931 1168 1082 1219 caeterae.

55 1258 93 1329 ht
105 1258 203 1323 virtus
219 1248 473 1347 contemplatiua
490 1244 586 1320 sunit
609 1267 641 1319 et
662 1252 766 1321 atliua
788 1248 851 1322 est:
880 1248 977 1319 habet
993 1253 1084 1319 enim

56 1350 385 1448 contemplationem,
409 1344 676 1447 quandoquidem
701 1346 742 1419 ad
769 1352 854 1420 hanc
873 1344 1004 1421 deducit
1023 1373 1084 1419 nos

56 1448 263 1552 philosophia
277 1476 338 1547 per
355 1470 418 1519 tres
439 1445 487 1520 sui
509 1467 634 1544 partes,
667 1443 878 1531 rationalem,
909 1446 1084 1531 moralem,

54 1550 315 1647 naturalemque:
338 1549 435 1621 habet
446 1554 526 1618 item
545 1550 708 1620 actiones:
740 1547 786 1619 est
810 1554 900 1619 enim
918 1552 1016 1619 virtus
1036 1572 1084 1619 ars

57 1657 149 1725 totius
166 1656 248 1723 vitae
262 1675 379 1721 omnes
396 1651 539 1724 actiones
561 1652 597 1722 in
610 1643 642 1717 se
663 1654 865 1721 continentis.
915 1653 957 1719 Et
973 1672 1087 1747 quam,-

61 1758 107 1824 uis
123 1749 437 1847 contemplationem
454 1769 486 1819 et
501 1749 670 1819 achonem·
682 1748 807 1831 habeat,
830 1751 992 1821 tamenin
1006 1767 1087 1818 vtra-

59 1878 119 1950 que
139 1850 184 1921 est
200 1848 483 1947 praestantissima:
516 1846 568 1917 est·
582 1852 672 1918 enim
706 1848 939 1945 contemplatio
964 1850 1086 1919 virtutis

59 1944 386 2053 pulcherrima,·vsus
406 1974 484 2020 vero
508 1966 541 2017 et
566 1950 651 2019 adlio
673 1942 821 2021 sedlanda
838 1952 932 2019 omni
950 1966 1087 2035 conatu;

60 2050 131 2123 ideo
154 2075 194 2123 ue
212 2046 290 2121 dicit
309 2049 463 2120 arborem
485 2043 881 2143 elseuspel'r'npulchrnm,
907 2044 996 2146 quod
1010 2062 1087 2117 con·

35 2077 305 2248 ¹templlationem
319 2146 496 2247 significat:
521 2167 554 2218 et
572 2151 881 2243 bonamnduibmn,
906 2144 995 2246 quod
1017 2141 1088 2219 vsus
1188 2140 1191 2146 Δ

63 2272 93 2323 et
115 2254 247 2323 achonis
269 2246 400 2347 signum
426 2248 481 2319 est.
531 2252 707 2319 Caeterum
739 2249 835 2320 arbor
859 2254 941 2321 vitae
966 2246 1012 2319 est
1034 2244 1091 2317 illa
1149 2238 1156 2263 “
1205 2246 1213 2253 “

61 2346 292 2451 generalissima
311 2353 421 2432 virtue,
446 2373 546 2447 quam
564 2345 698 2445 quidam
709 2348 893 2420 'bonitatem
913 2366 1046 2429 vocant,
1071 2371 1090 2417 a

64 2446 320 2549 quaindiuiduae
331 2454 461 2521 virtutes
477 2433 676 2546 pro'cedunt:
702 2450 917 2545 quamobrem
938 2454 1036 2520 etiam
1055 2448 1090 2515 in

64 2671 97 2722 vt
110 2642 146 2720 ab
162 2669 300 2745 utroque
312 2646 424 2731 latere,
448 2674 509 2720 ceu
529 2672 585 2717 rex
600 2647 733 2745 stipetur
753 2644 909 2720 satellitio.
958 2647 1023 2720 Alii
1043 2642 1091 2727 di·
1181 2679 1186 2695 i

65 2769 136 2821 cunt
151 2775 210 2819 cor
223 2747 361 2845 intelligi
377 2754 515 2819 nomine
534 2748 656 2819 arboris
671 2753 764 2833 vitae,
788 2754 862 2847 quia
878 2744 967 2821 causa
981 2751 1092 2837 viuen·
1140 2732 1149 2748 χ

66 2848 167 2931 diest,
191 2846 338 2919 mediam
360 2853 505 2946 corporis
520 2853 696 2944 regionem
707 2844 867 2931 sortitum,
891 2870 924 2921 vt
941 2852 1091 2945 princepe
1115 2910 1125 2923 ,

66 2945 241 3024 secundum,
250 2942 395 3045 ipsorum
412 2954 615 3045 opinionem.
665 2954 791 3021 Verum
804 2945 950 3036 scianthi
973 2942 1005 3019 se
1023 2970 1102 3033 meg

69 3049 171 3132 dicam
186 3053 292 3146 magis
306 3074 405 3146 quarn
447 3045 593 3140 hylicam
606 3042 798 3138 sententiam
813 3043 1005 3149 exposuisse:
1031 3068 1092 3117 nos
1144 3046 1149 3092 '¹
1204 3102 1214 3117 .

69 3169 182 3232 autem,
205 3075 490 3246 quemadmodum
514 3169 546 3221 et
558 3167 651 3217 antea
667 3146 792 3221 didlurn
808 3148 864 3232 est,
886 3147 979 3219 illam
995 3170 1099 3244 genes

69 3246 248 3320 raliffimam
262 3253 415 3319 virtutem
431 3245 495 3319 dici
512 3248 664 3323 arborem
679 3253 761 3320 vitae
773 3247 989 3320 affirmamus:
1013 3248 1095 3316 haec
1168 3288 1170 3295 ‹

71 3374 143 3419 vero
164 3344 278 3419 diserte
297 3353 333 3417 in
351 3345 463 3430 medio
480 3344 615 3445 paradisi
631 3344 705 3419 ,else
725 3346 881 3419 traditur:
914 3344 969 3419 sed
980 3400 985 3411 .
996 3338 1094 3418 altera

71 3443 180 3521 scilicet
190 3442 339 3519 scientiae
356 3447 436 3519 boni
450 3449 681 3618 maliqueKnon
704 3446 883 3557 declaratur
903 3453 1095 3619 intradpsara-

509 3625 559 3642 ,Ι
639 3570 667 3640 ,5
767 3628 773 3639 ,
863 3615 865 3622 ,
1035 3570 1095 3615 um

73 3759 99 3837 r)
116 3764 246 3825 reuss.
261 3762 342 3824 unu
362 3736 520 3846 πράξας.

73 3868 107 3947 h)
125 3860 153 3930 ἒν
172 3873 236 3932 MS.
251 3871 336 3931 Med.
356 3888 415 3946 pro
436 3849 493 3951 ἐφ’
511 3868 637 3939 iri-Edit,
788 3932 791 3939 Ι

73 3968 101 4045 t)
117 3968 192 4027 Editi
210 3948 332 4051 χρῆσις
352 3965 456 4034 omisso
471 3962 519 4024 hic
536 3978 566 4025 et
581 3978 648 4027 ante
667 3938 902 4049 melbeathe.
941 3964 976 4026 P.
1047 4003 1049 4011 ·

77 4061 120 4143 m)
137 4039 168 4133 b
188 4066 366 4142 deerunt
392 4062 433 4128 r.
721 4132 723 4137 ,
1078 4050 1080 4057 ·

53 4138 610 4249 'nucusnuuua'aeesaps'm
768 4160 773 4167 ·

65 2548 170 2622 medio
189 2545 327 2647 paradisi
339 2546 482 2632 locatur,
506 2546 627 2621 bahem
650 2554 822 2645 regionem
840 2546 1090 2647 capacissimam,
1190 2544 1210 2565 ⁸·
