2609 4817
242 280 310 353 DE
343 279 813 355 MVNDIOPIFICIO.
998 285 1046 379 69
1242 382 1245 389 .

40 425 198 554 generitiO,
229 442 497 550 quandoquidem
522 467 554 520 et
574 444 608 519 id
622 444 711 547 quod
728 453 885 553 gignitur,
908 472 1045 543 nonca-

38 575 76 628 ret
86 570 181 622 motu:
218 569 372 621 mouetur
394 556 484 621 enim
506 548 646 621 alterum
659 568 693 621 vt
706 555 830 648 gignat,
855 547 993 619 alterum
1010 568 1045 623 vt

38 660 176 754 gignatur:
199 643 287 720 solus
308 671 417 722 autem
436 672 509 745 nee·
520 668 635 721 mouet
648 675 710 719 nec
723 668 877 720 mouetur
894 642 1046 747 antiquis·

38 753 114 825 smus
135 747 184 819 ille
208 754 359 849 princeps
373 771 414 845 et
436 771 547 834 autor,
583 754 674 836 cuius
696 754 807 847 imago
834 753 952 819 merito
978 745 1045 822 dici

36 850 117 953 potesl
131 844 330 950 septenarius.
360 850 549 924 'Atteslatur
573 876 648 920 mea
673 846 758 923 dista
785 846 949 919 Philolaus
973 874 1045 921 ver-

37 956 71 1023 bis
85 956 142 1021 his:
170 946 250 1043 Est,
275 954 400 1047 inquit,
424 965 519 1021 autor
546 964 577 1020 et
594 954 882 1043 principatuum
905 953 1043 1019 omnium

36 1053 120 1131 Deus,
133 1048 252 1144 semper
273 1049 419 1145 exissent,
440 1076 533 1138 unns,
548 1050 688 1145 stabilis,
713 1050 889 1130 intermisit,
914 1048 1044 1144 ipsafist'

27 1153 124 1255 fmisis,
145 1151 274 1220 aliorum
292 1152 452 1243 diffimisis.
504 1156 645 1248 Ergoin
667 1142 761 1222 rebus
784 1147 1042 1245 intelligibilibus

35 1242 180 1326 itnnsobilis
198 1268 229 1319 et
250 1246 452 1347 impaffibilis
469 1267 599 1349 apparet
614 1246 827 1347 septenarius:
860 1254 897 1318 in
912 1243 1042 1320 sensibi-

35 1353 95 1423 libus
108 1374 227 1447 quoque
244 1346 386 1421 declarat
403 1347 493 1421 suam
520 1363 687 1449 maguam
699 1347 913 1445 latissimeque
928 1367 1041 1445 paten-

35 1473 83 1524 tem
96 1454 166 1532 vim,
179 1468 300 1534 ¹natam
315 1448 357 1520 ad
377 1446 565 1548 professum
581 1456 736 1522 omnium
755 1448 964 1531 terrestrium,
989 1446 1040 1519 lu·
1123 1503 1126 1513 .

35 1576 128 1647 raeque
149 1554 243 1619 etiarn
262 1551 426 1621 motibus:
461 1577 528 1649 quo
551 1571 661 1623 autem
680 1547 806 1633 modo,
834 1542 1040 1619 consideran·

35 1650 92 1725 lum
102 1647 155 1719 ess.
201 1652 408 1747 septenarius
422 1676 462 1723 ex
473 1655 597 1723 -vnitate
612 1671 644 1723 et
660 1650 790 1748 reliquis
807 1646 959 1745 deinceps
977 1673 1040 1719 nu·

35 1754 106 1821 neris
121 1747 333 1843 compositus,
358 1756 464 1849 gignit
488 1778 622 1823 xxvnr.
649 1747 835 1850 perfossum
856 1742 1037 1819 numerum

35 1870 170 1948 aequatum
184 1841 245 1920 suis
272 1851 435 1948 partibus:
466 1856 555 1922 isira
580 1872 673 1923 natus
699 1875 855 1923 numerus
879 1867 971 1945 aptus
991 1843 1037 1919 ess
1079 1924 1083 1932 ,

34 1950 60 2023 ad
71 1946 279 2019 restituendam
300 1948 416 2021 lunam
433 1954 467 2021 in
480 1947 514 2021 id
528 1972 739 2023 momentum
760 1976 799 2023 ex
834 1974 878 2019 uo
890 1951 1037 2045 primum

34 2056 111 2147 coepit
130 2044 266 2121 crescere
290 2046 485 2123 sensibiliter·
496 2072 527 2122 et
549 2037 594 2123 ad
613 2050 704 2151 quod
720 1976 935 2122 decrescendo
955 2042 1037 2119 solet
1099 2112 1105 2127 ,

33 2175 175 2221 recurrere:
200 2144 239 2221 e'a
256 2146 371 2237 crescit
386 2178 404 2220 a
422 2156 528 2248 prima
543 2151 651 2224 lunata
670 2147 752 2221 facie
766 2176 865 2248 vsque
886 2144 1036 2220 dimidia·
1146 2210 1150 2216 .

33 2271 78 2320 tam
95 2244 194 2319 diebus
218 2244 383 2347 septenis,
407 2278 552 2349 moxque
577 2251 716 2325 totidem
742 2250 810 2322 aliis
828 2232 868 2321 ad
897 2246 1036 2345 plenum
1097 2332 1100 2338 Ι

33 2352 116 2420 orbem
129 2348 273 2446 proficit:
300 2346 421 2422 deinde
441 2348 566 2423 rursum
583 2372 709 2423 amera
725 2379 784 2450 per
794 2346 934 2421 eandem
948 2353 1036 2427 viam

34 2449 136 2546 apleno
151 2449 227 2520 orbe
253 2449 297 2523 ad
320 2448 526 2523 dimidiatum
546 2452 615 2523 aliis
638 2449 775 2551 septenis
796 2449 908 2545 diebus
927 2444 1035 2519 recur-

32 2545 272 2648 subridensque
291 2550 336 2625 ad
353 2549 496 2622 lunatam
515 2548 652 2642 faciem;
677 2552 791 2651 quibua
809 2549 961 2645 deinceps
980 2543 1034 2619 ad·

32 2646 257 2723 sitisconficitur
284 2648 392 2722 modo
420 2649 524 2725 dissue
545 2680 712 2725 numerus.
764 2658 907 2723 Vocatur
923 2668 1034 2719 autem
1073 2726 1077 2731 ,

31 2744 185 2845 septenarius
214 2756 462 2849 aproprietatis
491 2752 728 2825 vocabulorum
758 2746 903 2823 studiosis
934 2753 1034 2827 etiam
1069 2786 1071 2789 ·

19 2844 221 2935 ‘absolutoriuss
248 2856 328 2951 quia
351 2854 417 2922 hoc
438 2848 650 2925 absoluuntur
664 2848 799 2924 vniuers
812 2908 819 2922 .
895 2846 933 2921 Id
955 2844 1033 2917 inde

32 2952 172 3021 conieslare
184 2947 274 3036 licet,
301 2957 378 3049 quia
393 2978 496 3023 omne
512 2979 630 3050 corpus
642 2958 839 3051 organicum
853 2970 916 3049 tres
936 2948 1033 3027 habet

31 3046 220 3134 dimensiones,
244 3049 507 3149 longitudinem,
531 3050 738 3140 altitudinem
759 3072 790 3122 et
807 3046 1043 3139 latitudinem,¹

44 3147 254 3222 υεωοῑαιιτειη
269 3157 444 3237 terminos,
468 3157 641 3251 pundbim,
658 3152 792 3234 lineam,
815 3148 1032 3247 superficiem,

30 3174 151 3334 solidum,
182 3255 221 3326 ex
254 3252 374 3354 quibus
399 3250 598 3353 compositus
629 3254 801 3325 coniicitur
825 3242 1030 3351 septenarius.

530 3358 558 3424 E
587 3378 605 3442 3
964 3353 1029 3420 ltn-

31 3542 64 3619 cc)
79 3522 139 3631 tole
157 3553 235 3627 daea
246 3554 278 3613 tn
293 3551 376 3614 aar.
392 3567 423 3613 et
436 3554 517 3616 cod.
532 3554 571 3613 A.
614 3554 648 3613 r.
751 3560 753 3567 ·

31 3686 53 3761 s)
67 3671 114 3769 ’tel
129 3666 248 3771 adbit]
271 3700 341 3759 Ms.
355 3700 440 3764 Med.
459 3676 604 3789 negatas&
664 3716 666 3721 ·
776 3663 780 3677 .

32 3978 51 4054 l)
63 3986 99 4045 Sic
112 3988 188 4049 MSS.
206 3990 277 4050 Vat.
295 3988 394 4053 Coisl.
411 4004 441 4049 et
453 3988 533 4068 Aug.
549 3989 620 4049 editi
642 3980 714 4046 τοῖς
723 3956 874 4047 &subseri
889 3961 1032 4069 ἕνὸμσισι
1052 4052 1055 4059 Δ

55 4084 213 4167 tespites.
236 4091 316 4169 (acc.
332 4089 411 4151 Cod.
429 4084 485 4161 A.)
666 4094 667 4099 ’
898 4098 901 4105 ·
