2609 4817
222 346 228 364 ,
272 269 428 368 trois
464 280 917 366 stereonrnnvut..
1028 298 1102 377 aas

76 448 186 530 Arilla
200 448 314 524 errasse
329 449 367 544 se
378 448 517 537 fatetur,
539 451 710 553 deceptam
732 479 751 525 a
773 453 938 553 voluptate
953 446 1106 552 serpenti·

77 556 118 625 na
131 572 164 624 et
178 557 270 624 varia
320 551 410 655 Qid
433 558 530 652 igitur
549 548 675 647 vetabat
688 558 785 643 etiarn
806 554 944 655 muliere
964 552 1106 638 dicente,
1161 592 1166 606 ι

68 649 199 751 serpens
210 678 258 723 me
268 654 399 747 decepit,
423 660 607 752 percontari
622 648 729 751 ipsum
745 651 770 725 fi
788 651 831 725 fic
845 665 957 751 reuera
970 650 1106 752 de'cepe·

75 758 126 843 rit,
151 758 257 850 potius
272 758 373 851 quam
388 751 510 835 indicii
527 749 733 853 inauditaque
747 749 839 825 causa
853 758 1015 827 execrari?
1048 758 1107 827 Di·

76 849 216 926 ceudtun
240 858 249 922 i
275 851 357 937 itur,
391 850 480 952 quod
505 848 612 927 sensus
639 879 701 924 nec
724 860 808 925 inter
831 856 917 926 bona
940 880 1001 925 nec
1023 858 1108 925 inter

75 951 162 1026 mala
176 979 213 1024 ce
250 972 339 1041 etur;
372 980 451 1026 cum
473 950 513 1025 fit
531 951 858 1051 medium-quiddam
879 950 1011 1053 sepienti
1032 950 1108 1048 stul·

74 1072 178 1151 toque
188 1078 382 1138 commune,
406 1071 439 1124 et
453 1059 488 1125 in
504 1051 601 1125 stulto
618 1049 675 1124 fiat
691 1053 814 1136 malus,
838 1050 920 1125 ficut
941 1072 1052 1125 contra
1072 1056 1110 1125 in

76 1153 166 1225 bono
180 1154 294 1225 bonus.
344 1157 493 1225 Meritoi
517 1157 582 1226 itur
596 1150 865 1252 quandoquidem
886 1172 1036 1225 naturam
1074 1151 1126 1224 er⁸
1227 1156 1233 1177 ⁸

76 1248 109 1327 se
123 1251 247 1324 maiam
261 1276 333 1325 non
347 1246 466 1336 habet,
488 1176 544 1324 iged
558 1258 596 1323 in
610 1252 803 1353 aequilibrio
825 1242 928 1353 potita
945 1248 1031 1324 etad
1048 1178 1110 1327 in·

76 1350 160 1426 uurn
182 1372 216 1425 et
242 1348 287 1423 ad
310 1344 451 1425 deterius
478 1350 690 1451 propendet,¹
720 1378 791 1426 non
820 1358 908 1453 prius
938 1349 1111 1431 damnatur

79 1478 177 1552 quarn
192 1447 354 1524 confeffus
368 1448 407 1523 sn
419 1448 565 1525 secutum
578 1448 610 1523 se
623 1450 792 1526 deteriora.
815 1498 822 1515 ·
841 1458 886 1527 At
898 1448 1039 1551 serpens,
1052 1477 1111 1523 vo·
1219 1494 1223 1505 «

78 1552 192 1650 lupus,
211 1548 325 1651 suopte
338 1546 569 1650 ingeniomaia
582 1551 646 1624 est:
672 1578 746 1625 eam
760 1554 803 1627 ob
814 1578 886 1624 rem
897 1559 930 1623 in
940 1554 1112 1629 bononon
1148 1594 1150 1599 ·

78 1656 240 1725 inuenitur
254 1649 390 1750 quidem
406 1658 560 1737 omnino,
583 1648 638 1724 sed
651 1647 736 1726 solus
752 1651 857 1725 malus
873 1652 919 1724 est
934 1658 1001 1725 eius
1015 1654 1113 1760 parti·

79 1779 162 1851 ceps.
211 1756 325 1851 Itaque
336 1757 407 1824 iure
415 1756 543 1851 optimo
553 1779 623 1825 non
636 1748 823 1850 permiffam
837 1748 1032 1853 respondere
1039 1774 1114 1823 exea

79 1855 294 1935 conruens,
318 1878 397 1924 cum
410 1851 541 1925 nullum
556 1848 669 1923 semen
682 1858 804 1927 virtutis
821 1858 856 1924 in
864 1849 896 1924 sc
905 1854 1032 1936 habeat,
1056 1844 1112 1922 sed

79 1948 206 2052 semper
220 1972 254 2023 et
271 1952 391 2051 ubique
405 1947 533 2023 scelesta
547 1973 643 2052 atque
660 1958 788 2049 impura
809 1950 855 2023 stt.
905 1958 1115 2058 erropter

81 2059 178 2125 etiam
193 2050 289 2124 illum
303 2057 337 2123 lr
350 2054 471 2151 absque
490 2048 581 2124 causa
598 2049 768 2123 manifesta
786 2052 902 2123 malam
917 2058 1006 2124 nouit
1019 2052 1114 2139 Deus

81 2172 113 2227 et
135 2151 308 2236 interficit,
330 2178 448 2251 corpus
467 2158 570 2237 enim,
601 2152 730 2223 molem
751 2152 893 2225 nostram
920 2158 1114 2236 coriaceam,

81 2258 231 2345 (lrenim
247 2256 411 2324 coriaceus
433 2256 683 2349 interpretatur,)
709 2244 836 2325 malurn
861 2248 925 2323 effe
946 2271 977 2324 et
1001 2249 1114 2329 aduer·
1214 2272 1216 2290 '

80 2348 198 2426 sarium
221 2356 351 2424 animae
370 2376 442 2423 non
455 2353 602 2451 ignorat,
637 2372 670 2423 et
689 2349 819 2451 insuper
836 2350 972 2424 cadauer
987 2348 1116 2449 semper

82 2474 261 2525 mortuum.
310 2450 401 2556 Qid
414 2458 505 2524 enim
518 2450 607 2525 aliud
630 2459 848 2551 unusquisque
864 2453 1013 2526 nostrum
1025 2448 1115 2535 facit,

103 2580 182 2625 uam
200 2550 293 2651 quod
314 2577 433 2649 corpus
454 2549 564 2651 suapte
584 2571 698 2623 natura
722 2550 951 2625 cadauerosutn
977 2558 1116 2625 circum·

83 2580 163 2737 ieet,
188 2657 347 2745 excitante
365 2649 400 2721 id
412 2673 444 2723 et
457 2650 526 2723 fine
542 2649 723 2723 laffitudine
738 2652 880 2751 gestante
895 2659 1026 2740 anim23
1060 2678 1116 2724 cu·

83 2753 257 2835 instetur,
281 2748 420 2836 lilibet,
444 2749 628 2824 confidem:
664 2750 970 2826 velrobustissimus
997 2748 1133 2823 athleta·

84 2878 154 2927 non
167 2850 254 2925 valet
274 2850 366 2924 breui
382 2871 533 2950 tempore
553 2847 644 2925 suam
665 2850 805 2925 baiulare
829 2852 982 2949 Hatram:
1006 2858 1117 2922 anima
1166 2872 1169 2877 ·

84 2978 163 3025 vero
189 2948 355 3025 interdum
380 2978 481 3049 nsque
504 2950 547 3023 ad
567 2948 784 3023 centefimum
809 2978 934 3025 annum
961 2946 1117 3026 indeseffa

84 3048 179 3127 facile
190 3050 291 3152 gestat
303 3048 484 3150 imaginem
503 3055 657 3124 hominis.
712 3057 794 3127 Non
813 3058 904 3123 enim
924 3082 1013 3126 nunc
1037 3076 1118 3123 eum

86 3157 260 3236 interemit,
282 3146 339 3223 sed
357 3157 426 3222 iam
442 3150 519 3223 inde
533 3178 552 3223 a
565 3155 728 3251 principio
742 3152 911 3225 ritortuum
934 3176 1052 3252 corpus
1070 3147 1119 3222 fe·

87 3258 136 3328 cit.
184 3251 244 3326 Est
266 3270 382 3352 autem.
398 3247 508 3351 suapte
528 3272 642 3325 natura
664 3252 814 3357 Initium,
838 3251 964 3339 ardisti,
989 3273 1020 3325 et
1030 3246 1119 3425 liqrfea

417 3411 422 3424 t
1059 3374 1120 3424 unt

84 3565 120 3650 b)
141 3572 224 3634 forte
243 3568 402 3649 legendum
422 3560 516 3629 ποιεῖ
534 3548 582 3627 εἷς
606 3546 854 3651 inmorentur,
882 3564 988 3629 orniffo
1004 3558 1137 3649 neren..

124 3654 191 3735 Vel
213 3688 270 3746 pro
291 3644 439 3736 ποιήσειε
465 3686 579 3744 repone
605 3650 725 3740 rosioni
746 3681 808 3728 τις.
849 3660 944 3744 (cod.
968 3660 1006 3723 A.
1028 3638 1120 3734 aresti·

123 3786 195 3831 σεις
216 3755 339 3833 iuxere
358 3746 446 3849 ἡμῶν
462 3745 578 3840 notor,
600 3738 620 3836 ii
640 3779 700 3829 etc.
752 3764 788 3829 In
809 3764 906 3827 Editis
927 3738 962 3819 ai
986 3758 1123 3831 omittitur

127 3888 159 3934 er
177 3847 291 3939 varein.
331 3868 366 3930 P.
608 3858 613 3867 ’

90 3962 121 4042 c)
142 3970 191 4029 Sic
215 3965 344 4040 epictet.
385 3940 565 4049 ψυχάριον
582 3937 613 4023 ir
628 3938 790 4041 βωέοὶζον
804 3932 921 4041 tregia.
963 3950 999 4019 It.
1021 3960 1121 4019 Anto·
1152 3977 1154 3985 ⁴
1245 3985 1250 3995 ·

103 4052 191 4126 -nin
206 4050 241 4109 L·
260 4052 292 4115 8·
314 4045 344 4127 S·
360 4052 411 4129 84.
455 4052 519 4114 vid.
544 4051 633 4112 etiam
656 4048 741 4128 Orig.
766 4060 865 4114 contr.
891 4040 973 4104 cns.
994 4042 1030 4105 L.
1052 4040 1121 4103 VII.

128 4150 162 4209 P·
181 4146 274 4211 πᾶν
372 4205 404 4214 ,,
441 4172 450 4187 ⁴
1071 4152 1075 4161 ·
1167 4150 1171 4157 ·
