2609 4817
199 258 387 347 ,neers
420 264 865 337 ntnroonmnvm.
908 289 913 296 ,
1001 286 1072 362 199

52 418 136 507 finxit*
144 428 343 511 mulierem?
374 432 505 537 equali
531 458 640 512 autem
667 434 776 509 colla?
799 456 833 509 vt
852 431 931 509 dua
943 453 1071 525 tantum

52 534 195 622 dicamus3
221 563 338 609 reuera
352 542 455 622 enim,
479 564 549 610 non
568 532 731 635 descripsit
745 562 864 609 corum
880 558 1070 625 numerum.
1163 630 1166 635 Ι

51 641 129 707 Num
137 632 270 720 linistra,
288 657 343 709 aut
353 634 478 709 dextra:
503 636 663 735 siquidem
678 662 756 707 vero
772 634 922 733 impleuit
936 634 1072 721 alteram
1153 652 1155 657 '

52 762 141 818 carne,
162 762 248 805 num
262 735 374 809 relidla
386 736 442 808 illa
457 764 527 809 non
545 759 611 810 erat
629 741 765 807 carnea?
790 741 876 833 atqui
891 734 996 807 collde
1010 748 1070 821 no)-
1169 814 1183 831 κ

51 834 117 905 strae
133 860 170 905 ex
184 831 306 905 eadem
324 863 441 908 omnes
454 842 606 921 materia,
630 842 790 907 nimirum
807 860 930 905 carnea.
981 828 1071 933 Quid

50 930 452 1030 igiturdicendumicollas
460 934 757 1034 nominatvulgaris
766 928 967 1007 consuetudo
977 940 1070 1005 vires,
1124 953 1128 959 ’

50 1037 180 1108 Dicimus
199 1040 294 1105 enim
318 1032 416 1107 latera
435 1037 555 1106 habere
566 1038 743 1107 hominem
767 1032 902 1131 perinde
916 1060 953 1104 ac
969 1038 1070 1120 vitea:

50 1152 76 1203 et
89 1130 179 1206 latera
194 1134 317 1205 habere
334 1134 502 1219 athletam,
525 1132 560 1205 id
578 1133 635 1219 est,
661 1134 829 1206 robustum
845 1130 920 1226 elle,
945 1150 977 1203 et
993 1130 1071 1207 late.-

49 1261 77 1305 ra
92 1233 204 1303 babere
223 1231 472 1319 citharoedum,
496 1230 614 1318 idest,
638 1239 708 1305 vim
735 1228 895 1305 intensam
920 1228 1069 1313 canendi

49 1336 99 1403 His
111 1337 205 1429 igitur
219 1331 417 1429 praemisit,
442 1352 474 1404 et
487 1329 570 1405 illud
585 1330 763 1405 dicendum
778 1332 843 1417 eli,
867 1328 956 1431 quod
981 1328 1070 1423 nuda¹

49 1451 74 1503 et
88 1428 178 1503 nullis
196 1433 337 1505 vinculis
354 1432 504 1540 colligata
530 1439 660 1531 corpori
682 1459 776 1503 mens
812 1436 904 1523 (nam
925 1427 966 1501 de
987 1456 1070 1523 non·

48 1528 116 1602 dum
127 1534 234 1606 vinda
248 1531 287 1604 fit
297 1528 420 1624 sermo)
433 1529 550 1603 multas
566 1533 663 1603 habet
677 1526 853 1615 facultates,
878 1531 1069 1614 habitiuam,
1171 1604 1174 1609 ,

46 1635 268 1727 vegetatiuam,
308 1630 505 1716 animalem,
543 1628 759 1716 rationalem,
791 1627 1069 1718 intelledbualern‚

46 1729 109 1802 alias
123 1725 285 1805 sexcentas
301 1726 481 1821 secundum
500 1750 571 1802 tum
590 1726 709 1829 species
729 1752 799 1803 tum
821 1756 955 1829 genera.¹
1000 1732 1068 1817 Ha·v
1123 1808 1125 1813 ,

46 1831 115 1903 bitur
136 1827 275 1928 quidem
295 1836 485 1905 communis
510 1828 555 1901 est
574 1835 756 1903 inanimatis
789 1828 948 1927 lapidibus
974 1847 1006 1900 et
1030 1828 1068 1901 li·

46 1933 122 2027 gnis,
154 1934 248 2002 cuius
270 1936 460 2028 participant
480 1934 617 2028 quaein
630 1932 725 2001 nobis
743 1927 858 2001 similia
871 1924 943 2003 sunt
955 1916 1069 2025 lapidi,

46 2031 104 2111 but,
127 2022 202 2100 nlla.
252 2034 375 2102 Natura
400 2050 510 2104 autem
531 2027 676 2102 extendit
700 2026 765 2101 sele
790 2026 830 2099 ad
855 2028 995 2127 plantas3
1023 2033 1068 2109 ,in

45 2128 125 2199 nobis
144 2154 227 2199 vero
249 2124 367 2201 firnilia
392 2124 465 2201 sunt
483 2127 619 2227 plantis,
649 2155 773 2227 vngues
796 2149 828 2199 et
845 2127 960 2225 capilli.
1011 2126 1068 2201 Est

46 2253 110 2299 vero
123 2247 238 2299 natura
253 2228 378 2301 habitus
391 2233 457 2298 iam
472 2248 591 2305 motus.
632 2234 753 2302 Anima
767 2248 877 2301 autem
894 2226 939 2298 est
952 2248 1068 2318 natura

45 2352 114 2425 quae
125 2321 292 2425 affumpsrt
308 2332 577 2426 imaginationem
596 2348 626 2400 et
644 2334 840 2427 appetitum3
864 2326 909 2397 est
924 2350 1002 2399 vero
1021 2347 1066 2401 eta

44 2432 100 2497 iam
112 2425 348 2499 irrationalium
363 2433 558 2499 communis.
608 2430 719 2501 Habet
732 2449 841 2501 autern
853 2448 884 2499 et
897 2452 990 2498 mens
1006 2452 1067 2523 no-=

44 2524 95 2596 lira
111 2525 290 2624 analogum
315 2524 393 2625 quid
413 2525 589 2599 irrationali
607 2533 744 2611 animae.
793 2532 895 2601 Porro
914 2525 1065 2623 intelligi·
1119 2592 1122 2599 ,

45 2624 104 2696 bilis
118 2620 254 2703 facultas
276 2632 406 2724 propria
419 2632 537 2699 mentis
553 2624 616 2715 est3
651 2648 684 2699 et
696 2627 857 2699 rationalis
878 2630 1064 2709 communit

44 2722 165 2823 quidem
189 2723 403 2799 diuinioribus
425 2732 564 2809 naturis,
588 2732 721 2825 propria
738 2747 846 2799 autern
862 2724 992 2797 mortali
1005 2728 1066 2796 ho·

43 2830 129 2896 minis
150 2846 293 2898 naturae.
343 2822 412 2924 Ipsa
429 2852 517 2900 vero
536 2822 674 2923 duplex:
707 2853 769 2898 vna
788 2822 922 2925 quidem
962 2852 1002 2896 ua
1017 2849 1065 2895 ra·

44 2923 167 2997 tionales
187 2920 320 3009 sumus,
357 2932 475 2999 mentis
499 2932 687 3024 participem
718 2924 815 2997 altera
831 2852 1066 3009 vero,qlecun2·

42 3020 113 3095 dum
126 3050 228 3123 quam
244 3020 433 3115 differimus.
459 3084 463 3090 .
482 3024 538 3102 Est
561 3024 622 3097 alia
639 3022 773 3099 facultas
795 3032 831 3097 in
852 3031 978 3111 anima,
1002 3026 1069 3121 Ιπο-ι

42 3150 106 3195 rum
118 3148 288 3221 germana,
312 3120 470 3211 senlitiua
495 3121 619 3223 deque
635 3120 742 3199 sermo
766 3121 832 3211 est3
865 3123 948 3197 nihil
972 3128 1069 3199 enirm

41 3220 118 3293 aliud
134 3251 224 3295 nunc
237 3220 398 3309 describit,
420 3251 519 3325 quam
533 3223 788 3325 produdlionem
802 3216 907 3299 sensus
928 3229 964 3295 in
976 3226 1069 3316 aun,

41 3320 128 3423 idque
147 3326 253 3397 redte:
278 3321 352 3423 post
374 3346 522 3397 mentem
549 3330 642 3399 enim
661 3325 767 3399 statim
793 3330 937 3425 oportuit
960 3326 1064 3397 creari
1089 3342 1093 3352 ’

532 3496 538 3505 ,
563 3430 598 3501 Ν
623 3448 646 3516 4
992 3406 1070 3515 sen-i
1210 3443 1214 3456 ¹

73 3607 159 3667 Alex.
171 3610 283 3669 strom.
301 3622 348 3673 12.
364 3626 396 3685 p.
412 3613 483 3686 487.
511 3612 613 3671 eadem
629 3605 730 3708 habet.
770 3608 829 3670 Sed
853 3624 915 3668 non
935 3584 1071 3667 diffitenss

73 3706 139 3765 dum
165 3705 350 3766 Clementem
376 3706 450 3767 ibid.
472 3724 503 3780 p.
523 3712 596 3781 482.
623 3702 724 3787 φυσιν
744 3702 1059 3778 lapidibus-tribuere.

72 3800 153 3875 Orig-
167 3797 284 3859 Philoc.
301 3817 328 3861 c.
345 3818 394 3863 ar.
417 3785 496 3887 περὶ
515 3783 620 3882 ἒυχῆς
642 3821 670 3863 c.
696 3799 743 3861 16.
785 3798 878 3873 Diog.
905 3793 1005 3857 Laert.
1028 3795 1059 3854 in

70 3892 144 3955 Zen.
160 3893 220 3971 seg.
245 3903 313 3973 1481·
333 3911 365 3969 et
382 3902 502 3964 suidam
520 3918 599 3965 voce
618 3877 730 3983 (pridie.

38 4000 318 4089 mmmm

39 4130 66 4209 ι)
83 4130 180 4198 forsan
201 4118 234 4194 tv
251 4116 395 4223 staron.
420 4140 487 4205 ns.
503 4139 591 4212 Mea..
604 4107 635 4203 'et
650 4103 848 4217 mnodo
861 4112 1012 4219 &vivifi
1052 4110 1071 4189 7
