2609 4817
241 244 539 315 oraorrrro
587 216 889 322 rorr‘onrnv

39 416 105 495 hoc
142 418 297 519 negotio
337 418 436 495 cnr.
474 439 723 518 voororr,
768 425 867 522 apud
910 415 1095 499 Nd'rim·-

37 531 229 633 bergeosts
259 530 412 611 Scholae
448 532 660 613 Sebaldioae
693 538 952 633 conredioris,
985 539 1090 615 viri?

38 645 230 724 dodiiffimi
265 661 304 725 et
347 648 556 725 litterarum
598 674 813 753 graecarum
854 652 1058 750 peritissimi
1116 720 1122 731 .

37 762 228 865 singularis
259 764 450 866 diligentia
483 787 670 863 curaque,
712 768 774 866 qni
817 790 958 846 omnem
992 768 1062 843 im·

39 878 161 976 pendit
192 902 369 977 operam,
399 896 444 955 vt
465 880 713 961 acuratiffime
743 884 911 981 prodiret
936 881 1061 959 editio.

39 996 142 1093 Quod
179 1018 267 1071 com
298 994 446 1093 publica
486 996 689 1097 gratiarnm
727 998 895 1090 afflone,
941 1016 983 1073 vt
1024 1013 1061 1075 et
1155 1014 1160 1029 ¹

39 1109 100 1184 aiii·
129 1107 271 1208 sciant,
306 1110 372 1187 cni
402 1110 560 1211 debeant·
582 1116 745 1215 grates,
782 1112 911 1191 iubens
946 1098 1063 1210 proii-

40 1242 124 1302 teor.
185 1223 385 1323 Splendori
412 1244 570 1303 externo
591 1224 737 1307 honest.x
764 1228 1093 1309 Waltlreriaeura·

40 1340 123 1418 nihil
149 1342 278 1419 voioit
300 1338 426 1418 decise.
755 1339 759 1346 ’

148 1570 381 1679 Litterarnm
404 1568 638 1669 compendia,
666 1593 758 1671 qnae
781 1568 818 1649 io
843 1570 940 1649 notis
961 1568 1085 1650 adhi·'

44 1683 121 1786 boi,
167 1710 245 1763 non
283 1690 375 1764 adeo
412 1688 571 1769 difficilia
592 1686 791 1769 roteueeto
826 1686 909 1763 fote
945 1686 1065 1784 spero.

44 1804 90 1879 Ex
118 1802 291 1904 Mangeii
331 1802 555 1901 praefatione
593 1821 629 1878 et
665 1804 735 1880 hae
771 1824 851 1878 mea
878 1802 1063 1900 patescet:

44 1920 135 1995 Med.
180 1918 356 1994 Codieem
387 1920 616 2015 menceum,
646 1921 731 2017 (vel
761 1918 882 2015 potios
912 1918 1090 1993 Codices·

43 2032 271 2130 predicens),
305 2034 387 2110 Vae.
423 2033 664 2124 Vaticanum,
695 2039 788 2125 Aug.
813 2033 1096 2133 Augustarum

42 2146 269 2247 Hoeichelii,
302 2152 383 2225 Coit.
410 2150 505 2224 Nou.
527 2167 589 2247 ,etj
605 2152 706 2250 Trio„
731 2148 884 2247 Coiiegii
909 2147 1007 2223 Noni
1030 2165 1069 2224 et

1 2352 2 2359 Ν
44 2263 260 2363 Trinitatis,
283 2265 370 2341 Par.
391 2264 541 2338 Codices
560 2263 694 2363 Regios
714 2259 930 2338 Paristeoses.
964 2264 1066 2339 Coisi.

1 2390 2 2429 ³
46 2366 319 2457 Coisiioianum.
351 2378 461 2454 'Cod
494 2382 541 2455 A.
574 2374 745 2454 codicem
774 2374 1069 2453 monachiensen
1113 2422 1116 2427 ,
1202 2365 1211 2377 ⁹

27 2494 204 2593 primum
242 2493 411 2594 (detondi
451 2492 544 2569 enim
581 2512 618 2569 et
655 2492 754 2569 tertii
782 2492 820 2567 in
849 2490 919 2566 hoc
947 2490 1068 2588 primo

48 2626 142 2686 tomo
176 2612 280 2685 oolla
314 2609 356 2685 fit
384 2609 569 2707 mentio),
605 2606 781 2685 Litteram
817 2608 874 2683 M.
911 2606 1069 2705 Nlange·

50 2725 144 2825 iam,
176 2724 290 2803 Benz.
320 2723 544 2822 Beozelium,
569 2738 636 2801 etc.
667 2725 853 2801 denotare.
912 2721 1069 2818 Reliqua

48 2862 111 2938 pet
139 2839 181 2917 se
210 2844 310 2919 clara
338 2840 418 2917 soot
435 2838 483 2916 'et
511 2835 709 2957 manifesta
1064 2839 1093 2857 ”

164 3072 351 3149 Locorum
374 3068 593 3147 biblicorom
606 3065 806 3161 notitiam,
830 3086 912 3142 cum
941 3082 1071 3162 margo

54 3182 157 3261 huius
187 3185 353 3264 editionis
383 3186 592 3288 angustior,
629 3184 763 3280 ilioque
791 3178 867 3276 ipsa
894 3176 1099 3255 notiffima

55 3300 188 3394 edent,
223 3298 295 3378 hoc
332 3298 474 3400 quidem
509 3316 613 3376 tomo
651 3292 901 3398 praetermisi,
930 3293 1074 3370 rariora

54 3438 142 3493 vtro
173 3416 211 3491 in
241 3417 334 3493 notis
364 3412 478 3513 posui.
541 3416 584 3493 ln
610 3410 838 3511 sequentibus
864 3423 988 3485 autem
1017 3425 1076 3483 to·
1107 3457 1110 3462 ·

57 3530 120 3609 nris
143 3528 286 3635 finguia
313 3534 484 3611 laudabo.

143 3763 277 3863 ,Quae
313 3760 411 3839 forte
445 3758 618 3863 Fautores
655 3756 703 3833 ad
737 3751 915 3829 maiorem
953 3746 1074 3843 operis

62 3872 256 3956 militatem
281 3892 390 3979 atque·
412 3874 640 3977 splendorem
668 3866 765 3992 mihi
794 3864 1079 3993 communicatu:

124 3994 127 4003 '
214 3990 218 3997 “
255 3992 264 4003 ”
1042 3998 1079 4056 rt
