2609 4817
226 280 302 359 nr
335 276 523 359 nvnot
555 273 810 384 orrrrero.
835 314 851 329 ··
996 286 1045 375 ς,

24 444 307 556 greffirtcontinuo
329 454 485 548 reperiret
507 469 540 523 et
559 455 754 533 conuiuium
771 471 807 525 et
819 452 983 523 theatrum
997 440 1047 519 sa·

26 548 232 626 cratiiiimum:
258 548 402 623 alterum
416 545 575 625 refertum
588 556 702 649 copiis,
726 578 803 652 quas
820 570 915 635 terra,
939 548 1047 634 fluuii,

26 677 114 735 mare,
136 656 187 722 air
198 644 406 749 suppeditant
417 647 458 722 ad
474 644 574 724 asum-
582 648 680 723 firnul
703 672 735 723 et
751 650 974 749 voluptatem:
999 646 1046 719 al·
1080 712 1085 723 .

27 746 335 848 ternmspcdiacniir,
369 776 511 853 quorum
534 770 609 823 tum
631 746 856 827 effentiaturn
878 748 1044 849 qualitates

28 848 180 950 ssnpendae
200 845 284 934 smt‚
315 874 379 922 nec
397 876 466 921 non
488 871 599 923 motus
613 855 815 949 choreaeque
831 848 1047 921 admiratione

29 948 219 1051 digniffimae,
245 946 378 1034 ordine,
396 957 613 1025 numerorum
628 957 842 1050 proportione
853 971 885 1021 et
895 946 1049 1022 cursuum

29 1054 177 1129 hannonia
195 1045 444 1124 conformatae:
466 1051 633 1148 inquibus
653 1052 807 1127 omnibus
827 1051 919 1123 illarn
958 1051 1048 1120 rimi·

30 1157 140 1251 geniani
168 1169 201 1221 et
222 1174 340 1223 veram
365 1169 398 1222 et
422 1148 644 1248 exemplarem
671 1148 829 1223 musicam
851 1074 955 1221 incisiJ
976 1164 1048 1221 nor'r

31 1248 96 1329 tatio
115 1253 180 1322 'uis
200 1245 337 1322 dixerit:
370 1255 461 1323 cuiue
478 1245 598 1349 species
622 1255 775 1327 homines
818 1250 914 1325 osteri
930 1252 1048 1321 animi:

31 1351 79 1429 suis
91 1276 311 1434 trientem,
335 1369 440 1422 artem
467 1346 665 1422 vtiiiffimam
684 1278 816 1424 vitaei)

33 1447 172 1526 eeffatiam
191 1446 406 1529 tradiderunt.
435 1541 438 1545 ,
478 1454 572 1523 Ha‘ec
590 1447 725 1550 quidem
747 1454 853 1550 priina
876 1446 967 1521 causa
990 1448 1047 1533 est,

34 1554 67 1627 ob
85 1576 175 1650 quarn
193 1552 303 1621 homo
323 1548 397 1649 post
416 1575 466 1621 res
487 1549 563 1623 aliar
586 1576 703 1625 omnes
731 1571 852 1625 creatus
873 1545 936 1621 effe
960 1546 1048 1621 vide·
1116 1552 1118 1557 ’

797 1376 977 1448 ummeque
991 1374 1048 1419 ne·
1083 1408 1103 1435 ⁴,
1131 1409 1133 1417 .

36 1674 97 1727 nr:
121 1649 216 1724 altera
236 1675 372 1749 quoque
395 1675 466 1723 non
487 1646 622 1723 absurda
640 1648 778 1725 dicenda
804 1650 859 1722 est.
908 1653 996 1723 Mox
1015 1668 1051 1721 vt
1116 1634 1117 1639 ἵ
1165 1673 1169 1679 ·

36 1749 294 1835 anennoeto,
320 1768 468 1849 paratum
481 1754 608 1823 inuenit
627 1748 782 1851 quicquid
796 1748 950 1824 advitam
966 1774 1049 1847 opur

39 1873 104 1934 ent,
130 1845 169 1921 ad
186 1848 398 1949 posterorum
416 1844 709 1924 informationem
748 1872 875 1925 tanturn
902 1875 973 1922 non
1002 1844 1051 1920 di·

37 1949 98 2027 sene
113 1949 271 2022 clamante
295 1949 427 2032 natura}
461 1945 534 2022 fore
558 1971 594 2023 vt
616 1948 644 2023 fi
667 1971 817 2025 autorem
845 1946 894 2023 sui
920 1954 1049 2049 generis
1113 1972 1119 1977 '

40 2051 233 2134 imitarentur,
254 2054 360 2123 vitam
383 2046 452 2123 fine
470 2047 588 2124 dolore
612 2070 644 2123 et
659 2048 727 2123 fine
740 2050 852 2124 labore
873 2056 908 2121 in
930 2049 1050 2121 vberri·
1098 2132 1102 2141 Ι

39 2157 86 2225 rnir
104 2154 195 2249 copiis
215 2146 399 2249 degerent:
422 2146 457 2219 id
484 2155 526 2222 ita
550 2145 718 2236 futurum,
743 2148 850 2226 finec
871 2148 1051 2247 voluptates

42 2256 133 2326 niori
144 2255 324 2323 contrariae
343 2246 606 2326 dominationem
628 2254 664 2321 in
680 2256 789 2323 anima
808 2254 1052 2348 occupauerint

42 2356 133 2424 ventris
150 2355 342 2449 venerisque
362 2346 468 2421 studio
485 2376 546 2422 eeu
570 2350 695 2423 arcibus
717 2357 929 2425 communitis
946 2355 981 2421 in
996 2376 1052 2421 ea:

44 2478 89 2524 nec
114 2451 252 2549 gloriae,
281 2454 471 2535 honorum,
506 2453 722 2549 pecuniarum
754 2450 939 2551 cupiditates
966 2456 1052 2523 vitae

44 2556 227 2651 pnncipanrm
249 2546 498 2647 vsurpauerint:
531 2577 594 2621 nec
619 2576 788 2625 moerores
817 2572 967 2624 mentem
995 2547 1052 2621 de-

45 2646 152 2752 preffnn
172 2670 404 2749 caritatemque
417 2646 476 2723 fibi
494 2645 711 2724 subdiderint:
735 2678 798 2725 nec
822 2659 924 2723 timor
945 2648 1052 2739 malua

47 2748 210 2846 consiliarius
235 2749 418 2849 praeclaros
446 2745 488 2824 ad
518 2755 672 2825 virtutem
694 2756 837 2851 impetur
861 2744 1053 2849 represserit,

46 2878 90 2923 ne:
108 2847 339 2949 imprudentia,
369 2846 543 2934 timiditas,
581 2850 752 2937 iniustitia,
784 2872 1054 2951 caeterorumque

46 2954 172 3023 ritionrnr
182 2952 459 3050 tur’oaingruerit.
505 2953 595 3023 Cum
619 2977 703 3023 vero.
723 2979 812 3025 nunc
836 2954 950 3023 omnia
969 2975 1053 3046 quae

48 3049 126 3123 modo
146 3049 208 3123 dixi
232 3050 345 3135 mala,
373 3047 534 3135 floreant,
568 3069 601 3122 et
621 3053 775 3127 homines
800 3052 937 3124 licenter
959 3044 1055 3125 effdsr

49 3148 94 3225 snt
110 3153 142 3224 in
158 3145 292 3224 affeetu:
316 3170 348 3222 et
369 3154 568 3247 impotenter
588 3170 621 3223 ct
637 3178 751 3249 praua:
771 3150 951 3250 cupidinea,
976 3175 1055 3249 quas

50 3256 251 3322 denominare
275 3247 410 3350 quidem
431 3244 482 3323 far
499 3248 564 3335 est,
588 3248 816 3325 animaduertit
832 3251 961 3326 iustum·
973 3247 1076 3335 iudi·¹
1110 3269 1115 3278 “

53 3354 127 3437 tm
147 3347 184 3422 de
198 3356 308 3449 impiis
327 3347 438 3422 studiis
453 3376 575 3447 poenas
594 3356 643 3422 exi
669 3377 736 3425 ens.
785 3346 902 3452 ltaque
920 3358 955 3423 in
976 3375 1056 3447 poe·

53 3477 109 3522 narn
136 3449 295 3580 malomm
334 3446 376 3523 ad
404 3454 507 3523 vitam
539 3378 713 3640 ”effigia
750 3476 848 3553 aegre
880 3469 1058 3649 9ωὲἑὲἱέ
1104 3532 1107 3539 ‚

58 3727 81 3806 a)
95 3736 135 3796 Sic
146 3736 224 3800 MSS.
238 3743 301 3811 pro
319 3712 412 3816 aiios.

57 3826 92 3903 ⁸²)
108 3820 227 3894 λεκτέον
248 3835 329 3900 Cod.
345 3840 386 3898 Λ.
428 3837 463 3901 Ρ.

58 3929 85 4004 i)
98 3933 164 3998 Cnd.
174 3938 210 3999 A.
222 3953 253 3999 et
267 3937 350 3999 Edit.
366 3936 476 3997 habent
496 3912 594 3997 τὲτο.
631 3934 669 3999 Ρ.

60 4024 83 4103 ί)
98 4032 136 4094 Sic
151 4035 209 4099 MS.
224 4036 310 4097 Med.
328 4038 386 4113 pr'o
408 4010 544 4137 ψυχῆν,
602 4116 605 4122 Ι
770 4064 784 4091 ·,

65 4120 88 4200 t)
104 4130 142 4194 rt:
159 4132 241 4199 tiss.
254 4134 337 4199 Editi
355 4115 419 4220 μὲν
431 4144 506 4220 aaa
521 4112 658 4205 aeine.
680 4132 931 4219 (rencone.)
1035 4202 1042 4215 ,
